<?xml version="1.0" encoding="UTF-8" standalone="yes"?>
<PcGts xmlns="http://schema.primaresearch.org/PAGE/gts/pagecontent/2013-07-15" xmlns:xsi="http://www.w3.org/2001/XMLSchema-instance" xsi:schemaLocation="http://schema.primaresearch.org/PAGE/gts/pagecontent/2013-07-15 http://schema.primaresearch.org/PAGE/gts/pagecontent/2013-07-15/pagecontent.xsd">
    <Metadata>
        <Creator>Transkribus</Creator>
        <Created>2024-10-04T16:38:46.096+02:00</Created>
        <LastChange>2024-10-16T18:33:37.455+02:00</LastChange>
        <TranskribusMetadata docId="4508828" pageId="79707747" pageNr="1" tsid="194183578" status="IN_PROGRESS" userId="145668" imgUrl="https://files.transkribus.eu/Get?id=UWFFPONHOOBEDTPCOJZNHCAG&amp;fileType=view" xmlUrl="https://files.transkribus.eu/Get?id=OFREXNJUTYHOFDOIIPVNKZPM" imageId="65103763"/>
    </Metadata>
    <Page imageFilename="0001_NL-AsdNIOD_401_0161_0002.jpg" imageWidth="1713" imageHeight="2394">
        <ReadingOrder>
            <OrderedGroup id="ro_1729171048989" caption="Regions reading order">
                <RegionRefIndexed index="0" regionRef="r"/>
                <RegionRefIndexed index="1" regionRef="r_1726"/>
                <RegionRefIndexed index="2" regionRef="r_1727"/>
            </OrderedGroup>
        </ReadingOrder>
        <TextRegion id="r" custom="readingOrder {index:0;}">
            <Coords points="280,152 280,355 1626,355 1626,152"/>
            <TextLine id="tr_1_tl_2" custom="readingOrder {index:0;}">
                <Coords points="406,327 442,323 479,324 516,325 553,325 590,325 626,326 663,327 700,327 737,327 774,327 810,327 847,327 884,327 921,327 958,327 994,327 1031,329 1068,329 1105,329 1142,327 1142,288 1105,290 1068,290 1031,290 994,288 958,288 921,288 884,288 847,288 810,288 774,288 737,288 700,288 663,288 626,287 590,286 553,286 516,286 479,285 442,284 406,288"/>
                <Baseline points="406,314 442,310 479,311 516,312 553,312 590,312 626,313 663,314 700,314 737,314 774,314 810,314 847,314 884,314 921,314 958,314 994,314 1031,316 1068,316 1105,316 1142,314"/>
                <TextEquiv>
                    <Unicode>AFSCHRIFT VOOR DE INDISCHE COLLECTIE</Unicode>
                </TextEquiv>
            </TextLine>
            <TextEquiv>
                <Unicode></Unicode>
            </TextEquiv>
        </TextRegion>
        <TextRegion id="r_1726" custom="readingOrder {index:1;}">
            <Coords points="280,355 280,517 1626,517 1626,355"/>
            <TextLine id="tr_1_tl_3" custom="readingOrder {index:0;} person {offset:12; length:18;}">
                <Coords points="288,461 319,461 351,461 382,461 414,461 445,460 477,463 508,463 540,463 571,463 603,463 634,462 666,461 697,461 729,461 760,462 792,461 823,463 855,463 886,465 918,467 918,428 886,426 855,424 823,424 792,422 760,423 729,422 697,422 666,422 634,423 603,424 571,424 540,424 508,424 477,424 445,421 414,422 382,422 351,422 319,422 288,422"/>
                <Baseline points="288,448 319,448 351,448 382,448 414,448 445,447 477,450 508,450 540,450 571,450 603,450 634,449 666,448 697,448 729,448 760,449 792,448 823,450 855,450 886,452 918,454"/>
                <TextEquiv>
                    <Unicode>DAGBOEK VAN T.C. AVIS-HULSTIJN.</Unicode>
                </TextEquiv>
            </TextLine>
            <TextEquiv>
                <Unicode></Unicode>
            </TextEquiv>
        </TextRegion>
        <TextRegion id="r_1727" custom="readingOrder {index:2;}">
            <Coords points="280,517 280,1977 1626,1977 1626,517"/>
            <TextLine id="tr_1_tl_4" custom="readingOrder {index:0;} person {offset:5; length:18;}">
                <Coords points="292,590 317,590 342,590 367,590 392,590 417,590 442,590 467,590 492,590 517,590 542,590 567,590 592,590 617,592 642,592 667,592 692,592 717,592 742,594 768,594 768,558 742,558 717,556 692,556 667,556 642,556 617,556 592,554 567,554 542,554 517,554 492,554 467,554 442,554 417,554 392,554 367,554 342,554 317,554 292,554"/>
                <Baseline points="292,578 317,578 342,578 367,578 392,578 417,578 442,578 467,578 492,578 517,578 542,578 567,578 592,578 617,580 642,580 667,580 692,580 717,580 742,582 768,582"/>
                <TextEquiv>
                    <Unicode>Voor Mieke Woutera Avis.</Unicode>
                </TextEquiv>
            </TextLine>
            <TextLine id="tr_1_tl_5" custom="readingOrder {index:1;}">
                <Coords points="292,640 353,642 414,640 475,642 536,642 597,642 658,642 719,642 780,644 841,644 903,646 964,646 1025,645 1086,644 1147,646 1208,646 1269,645 1330,646 1391,647 1452,646 1514,648 1514,612 1452,610 1391,611 1330,610 1269,609 1208,610 1147,610 1086,608 1025,609 964,610 903,610 841,608 780,608 719,606 658,606 597,606 536,606 475,606 414,604 353,606 292,604"/>
                <Baseline points="292,628 353,630 414,628 475,630 536,630 597,630 658,630 719,630 780,632 841,632 903,634 964,634 1025,633 1086,632 1147,634 1208,634 1269,633 1330,634 1391,635 1452,634 1514,636"/>
                <TextEquiv>
                    <Unicode>Vervolg van babyboek, dat verloren is gegaan bij vertrek naar</Unicode>
                </TextEquiv>
            </TextLine>
            <TextLine id="tr_1_tl_6" custom="readingOrder {index:2;} place {offset:11; length:9;wikiData:Q11462;}">
                <Coords points="286,689 312,691 339,691 365,691 392,691 418,691 445,690 471,689 498,691 524,691 551,691 577,691 604,691 630,691 657,692 683,693 710,693 710,659 683,659 657,658 630,657 604,657 577,657 551,657 524,657 498,657 471,655 445,656 418,657 392,657 365,657 339,657 312,657 286,655"/>
                <Baseline points="286,678 312,680 339,680 365,680 392,680 418,680 445,679 471,678 498,680 524,680 551,680 577,680 604,680 630,680 657,681 683,682 710,682"/>
                <TextEquiv>
                    <Unicode>de wijk te Soerabaya.</Unicode>
                </TextEquiv>
            </TextLine>
            <TextLine id="tr_1_tl_7" custom="readingOrder {index:3;}">
                <Coords points="290,741 346,739 402,741 458,741 514,741 570,740 626,741 682,741 738,743 794,743 851,743 907,743 963,743 1019,743 1075,743 1131,743 1187,743 1243,745 1299,745 1355,745 1412,743 1412,709 1355,711 1299,711 1243,711 1187,709 1131,709 1075,709 1019,709 963,709 907,709 851,709 794,709 738,709 682,707 626,707 570,706 514,707 458,707 402,707 346,705 290,707"/>
                <Baseline points="290,730 346,728 402,730 458,730 514,730 570,729 626,730 682,730 738,732 794,732 851,732 907,732 963,732 1019,732 1075,732 1131,732 1187,732 1243,734 1299,734 1355,734 1412,732"/>
                <TextEquiv>
                    <Unicode>Babyboek is achtergelaten aan de kokkie Païna, vrouw van</Unicode>
                </TextEquiv>
            </TextLine>
            <TextLine id="tr_1_tl_8" custom="readingOrder {index:4;} place {offset:23; length:15;}">
                <Coords points="292,793 348,791 405,791 462,791 519,791 576,791 633,792 690,791 747,791 804,793 861,793 917,795 974,793 1031,794 1088,794 1145,795 1202,796 1259,795 1316,797 1373,795 1430,795 1430,761 1373,761 1316,763 1259,761 1202,762 1145,761 1088,760 1031,760 974,759 917,761 861,759 804,759 747,757 690,757 633,758 576,757 519,757 462,757 405,757 348,757 292,759"/>
                <Baseline points="292,782 348,780 405,780 462,780 519,780 576,780 633,781 690,780 747,780 804,782 861,782 917,784 974,782 1031,783 1088,783 1145,784 1202,785 1259,784 1316,786 1373,784 1430,784"/>
                <TextEquiv>
                    <Unicode>Ismoen, wonende aan de Palmenlaan Zuid. Pandjaan gang III</Unicode>
                </TextEquiv>
            </TextLine>
            <TextLine id="tr_1_tl_9" custom="readingOrder {index:5;} place {offset:21; length:13;}">
                <Coords points="288,842 322,842 357,842 392,842 427,842 462,842 497,842 532,842 567,844 602,843 637,843 671,842 706,842 741,844 776,844 811,844 846,844 881,844 916,844 951,846 986,846 986,810 951,810 916,808 881,808 846,808 811,808 776,808 741,808 706,806 671,806 637,807 602,807 567,808 532,806 497,806 462,806 427,806 392,806 357,806 322,806 288,806"/>
                <Baseline points="288,830 322,830 357,830 392,830 427,830 462,830 497,830 532,830 567,832 602,831 637,831 671,830 706,830 741,832 776,832 811,832 846,832 881,832 916,832 951,834 986,834"/>
                <TextEquiv>
                    <Unicode>Roemah 10. Dicht bij Tamarindelaan.</Unicode>
                </TextEquiv>
            </TextLine>
            <TextLine id="tr_1_tl_10" custom="readingOrder {index:6;}">
                <Coords points="286,1026 338,1025 390,1025 442,1024 494,1024 546,1026 598,1025 650,1026 702,1026 754,1026 806,1026 858,1026 910,1026 962,1026 1014,1026 1066,1026 1118,1025 1170,1026 1222,1026 1274,1026 1326,1026 1326,990 1274,990 1222,990 1170,990 1118,989 1066,990 1014,990 962,990 910,990 858,990 806,990 754,990 702,990 650,990 598,989 546,990 494,988 442,988 390,989 338,989 286,990"/>
                <Baseline points="286,1014 338,1013 390,1013 442,1012 494,1012 546,1014 598,1013 650,1014 702,1014 754,1014 806,1014 858,1014 910,1014 962,1014 1014,1014 1066,1014 1118,1013 1170,1014 1222,1014 1274,1014 1326,1014"/>
                <TextEquiv>
                    <Unicode>Kort uittreksel uit de herinnering van het Babyboek.</Unicode>
                </TextEquiv>
            </TextLine>
            <TextLine id="tr_1_tl_11" custom="readingOrder {index:7;}">
                <Coords points="288,1078 351,1076 415,1076 479,1076 543,1076 607,1075 671,1073 735,1076 799,1076 863,1076 927,1075 990,1075 1054,1076 1118,1076 1182,1076 1246,1076 1310,1078 1374,1076 1438,1077 1502,1076 1566,1078 1566,1042 1502,1040 1438,1041 1374,1040 1310,1042 1246,1040 1182,1040 1118,1040 1054,1040 990,1039 927,1039 863,1040 799,1040 735,1040 671,1037 607,1039 543,1040 479,1040 415,1040 351,1040 288,1042"/>
                <Baseline points="288,1066 351,1064 415,1064 479,1064 543,1064 607,1063 671,1061 735,1064 799,1064 863,1064 927,1063 990,1063 1054,1064 1118,1064 1182,1064 1246,1064 1310,1066 1374,1064 1438,1065 1502,1064 1566,1066"/>
                <TextEquiv>
                    <Unicode>Mieke Woutera werd 29 dec. 1940 op een zondagnamiddag geboren te</Unicode>
                </TextEquiv>
            </TextLine>
            <TextLine id="tr_1_tl_12" custom="readingOrder {index:8;} organization {offset:18; length:16;}">
                <Coords points="284,1127 343,1127 402,1126 461,1125 520,1125 580,1125 639,1125 698,1125 757,1123 816,1125 876,1125 935,1125 994,1123 1053,1123 1112,1123 1172,1125 1231,1123 1290,1123 1349,1123 1408,1123 1468,1125 1468,1091 1408,1089 1349,1089 1290,1089 1231,1089 1172,1091 1112,1089 1053,1089 994,1089 935,1091 876,1091 816,1091 757,1089 698,1091 639,1091 580,1091 520,1091 461,1091 402,1092 343,1093 284,1093"/>
                <Baseline points="284,1116 343,1116 402,1115 461,1114 520,1114 580,1114 639,1114 698,1114 757,1112 816,1114 876,1114 935,1114 994,1112 1053,1112 1112,1112 1172,1114 1231,1112 1290,1112 1349,1112 1408,1112 1468,1114"/>
                <TextEquiv>
                    <Unicode>19.22 uur, in het Darmo Ziekenhuis aan de Darmoboulevard te</Unicode>
                </TextEquiv>
            </TextLine>
            <TextLine id="tr_1_tl_13" custom="readingOrder {index:9;}">
                <Coords points="284,1175 309,1175 334,1176 359,1177 385,1177 410,1177 435,1177 460,1177 486,1177 486,1143 460,1143 435,1143 410,1143 385,1143 359,1143 334,1142 309,1141 284,1141"/>
                <Baseline points="284,1164 309,1164 334,1165 359,1166 385,1166 410,1166 435,1166 460,1166 486,1166"/>
                <TextEquiv>
                    <Unicode>Soerabaya.
</Unicode>
                </TextEquiv>
            </TextLine>
            <TextLine id="tr_1_tl_14" custom="readingOrder {index:10;}">
                <Coords points="280,1227 346,1225 412,1225 479,1225 545,1224 612,1225 678,1225 744,1225 811,1225 877,1224 944,1225 1010,1225 1076,1223 1143,1224 1209,1222 1276,1225 1342,1223 1408,1225 1475,1225 1541,1225 1608,1221 1608,1188 1541,1192 1475,1192 1408,1192 1342,1190 1276,1192 1209,1189 1143,1191 1076,1190 1010,1192 944,1192 877,1191 811,1192 744,1192 678,1192 612,1192 545,1191 479,1192 412,1192 346,1192 280,1194"/>
                <Baseline points="280,1216 346,1214 412,1214 479,1214 545,1213 612,1214 678,1214 744,1214 811,1214 877,1213 944,1214 1010,1214 1076,1212 1143,1213 1209,1211 1276,1214 1342,1212 1408,1214 1475,1214 1541,1214 1608,1210"/>
                <TextEquiv>
                    <Unicode>Hierbij waren: Vader, Dr. Kopp, Zr. Zus van der Wall en Zr. Rietje</Unicode>
                </TextEquiv>
            </TextLine>
            <TextLine id="tr_1_tl_15" custom="readingOrder {index:11;}">
                <Coords points="284,1277 331,1275 378,1275 425,1275 472,1274 519,1275 566,1273 613,1273 660,1273 707,1273 754,1273 801,1273 848,1273 895,1273 942,1271 989,1272 1036,1273 1083,1273 1130,1273 1177,1275 1224,1277 1224,1244 1177,1242 1130,1240 1083,1240 1036,1240 989,1239 942,1238 895,1240 848,1240 801,1240 754,1240 707,1240 660,1240 613,1240 566,1240 519,1242 472,1241 425,1242 378,1242 331,1242 284,1244"/>
                <Baseline points="284,1266 331,1264 378,1264 425,1264 472,1263 519,1264 566,1262 613,1262 660,1262 707,1262 754,1262 801,1262 848,1262 895,1262 942,1260 989,1261 1036,1262 1083,1262 1130,1262 1177,1264 1224,1266"/>
                <TextEquiv>
                    <Unicode>Fasten (nu R. Jansen-Schoonhoven) tegenwoordig.
</Unicode>
                </TextEquiv>
            </TextLine>
            <TextLine id="tr_1_tl_16" custom="readingOrder {index:12;}">
                <Coords points="284,1327 350,1325 416,1323 482,1325 548,1325 614,1323 680,1323 746,1323 812,1323 878,1323 944,1323 1010,1325 1076,1325 1142,1325 1208,1325 1274,1325 1340,1325 1406,1324 1472,1324 1538,1325 1604,1323 1604,1289 1538,1291 1472,1290 1406,1290 1340,1291 1274,1291 1208,1291 1142,1291 1076,1291 1010,1291 944,1289 878,1289 812,1289 746,1289 680,1289 614,1289 548,1291 482,1291 416,1289 350,1291 284,1293"/>
                <Baseline points="284,1316 350,1314 416,1312 482,1314 548,1314 614,1312 680,1312 746,1312 812,1312 878,1312 944,1312 1010,1314 1076,1314 1142,1314 1208,1314 1274,1314 1340,1314 1406,1313 1472,1313 1538,1314 1604,1312"/>
                <TextEquiv>
                    <Unicode>Je woog 4 pond, 1½ ons en was 47 cm. lang. Je kreeg tot ca. 9 mnd.</Unicode>
                </TextEquiv>
            </TextLine>
            <TextLine id="tr_1_tl_17" custom="readingOrder {index:13;}">
                <Coords points="286,1376 312,1376 339,1376 366,1376 393,1376 420,1376 447,1376 474,1377 501,1378 528,1376 555,1374 581,1376 608,1376 635,1376 662,1376 689,1376 716,1375 743,1374 770,1374 797,1376 824,1374 824,1338 797,1340 770,1338 743,1338 716,1339 689,1340 662,1340 635,1340 608,1340 581,1340 555,1338 528,1340 501,1342 474,1341 447,1340 420,1340 393,1340 366,1340 339,1340 312,1340 286,1340"/>
                <Baseline points="286,1364 312,1364 339,1364 366,1364 393,1364 420,1364 447,1364 474,1365 501,1366 528,1364 555,1362 581,1364 608,1364 635,1364 662,1364 689,1364 716,1363 743,1362 770,1362 797,1364 824,1362"/>
                <TextEquiv>
                    <Unicode>borstvoeding, groeide goed.
</Unicode>
                </TextEquiv>
            </TextLine>
            <TextLine id="tr_1_tl_18" custom="readingOrder {index:14;}">
                <Coords points="286,1427 353,1427 420,1427 487,1425 554,1425 621,1425 688,1425 755,1425 822,1425 889,1425 956,1424 1023,1425 1090,1425 1157,1425 1224,1424 1291,1423 1358,1425 1425,1423 1492,1424 1559,1423 1626,1423 1626,1389 1559,1389 1492,1390 1425,1389 1358,1391 1291,1389 1224,1390 1157,1391 1090,1391 1023,1391 956,1390 889,1391 822,1391 755,1391 688,1391 621,1391 554,1391 487,1391 420,1393 353,1393 286,1393"/>
                <Baseline points="286,1416 353,1416 420,1416 487,1414 554,1414 621,1414 688,1414 755,1414 822,1414 889,1414 956,1413 1023,1414 1090,1414 1157,1414 1224,1413 1291,1412 1358,1414 1425,1412 1492,1413 1559,1412 1626,1412"/>
                <TextEquiv>
                    <Unicode>Je was de trots van je vader. Hij deed erg wilde spelletjes met je. 
</Unicode>
                </TextEquiv>
            </TextLine>
            <TextLine id="tr_1_tl_19" custom="readingOrder {index:15;}">
                <Coords points="286,1479 352,1479 419,1477 486,1479 553,1476 620,1476 687,1477 754,1475 821,1475 888,1475 955,1475 1021,1475 1088,1473 1155,1475 1222,1475 1289,1475 1356,1473 1423,1475 1490,1472 1557,1473 1624,1469 1624,1436 1557,1440 1490,1439 1423,1442 1356,1440 1289,1442 1222,1442 1155,1442 1088,1440 1021,1442 955,1442 888,1442 821,1442 754,1442 687,1444 620,1443 553,1443 486,1446 419,1444 352,1446 286,1446"/>
                <Baseline points="286,1468 352,1468 419,1466 486,1468 553,1465 620,1465 687,1466 754,1464 821,1464 888,1464 955,1464 1021,1464 1088,1462 1155,1464 1222,1464 1289,1464 1356,1462 1423,1464 1490,1461 1557,1462 1624,1458"/>
                <TextEquiv>
                    <Unicode>Tilde je aan je beenen met je hoofd naar beneden uit de box, gooide
</Unicode>
                </TextEquiv>
            </TextLine>
            <TextLine id="tr_1_tl_20" custom="readingOrder {index:16;}">
                <Coords points="288,1529 354,1529 421,1529 487,1527 554,1527 620,1527 687,1527 753,1527 820,1527 886,1525 953,1527 1019,1525 1086,1526 1152,1526 1219,1523 1285,1525 1352,1523 1418,1523 1485,1523 1551,1523 1618,1525 1618,1491 1551,1489 1485,1489 1418,1489 1352,1489 1285,1491 1219,1489 1152,1492 1086,1492 1019,1491 953,1493 886,1491 820,1493 753,1493 687,1493 620,1493 554,1493 487,1493 421,1495 354,1495 288,1495"/>
                <Baseline points="288,1518 354,1518 421,1518 487,1516 554,1516 620,1516 687,1516 753,1516 820,1516 886,1514 953,1516 1019,1514 1086,1515 1152,1515 1219,1512 1285,1514 1352,1512 1418,1512 1485,1512 1551,1512 1618,1514"/>
                <TextEquiv>
                    <Unicode>je een straal koud water over je rug, als ik je in 't badje stopte,
</Unicode>
                </TextEquiv>
            </TextLine>
            <TextLine id="tr_1_tl_21" custom="readingOrder {index:17;}">
                <Coords points="284,1580 347,1580 410,1578 473,1578 537,1578 600,1578 663,1578 727,1578 790,1578 853,1578 917,1578 980,1576 1043,1576 1106,1576 1170,1574 1233,1575 1296,1575 1360,1574 1423,1574 1486,1572 1550,1576 1550,1540 1486,1536 1423,1538 1360,1538 1296,1539 1233,1539 1170,1538 1106,1540 1043,1540 980,1540 917,1542 853,1542 790,1542 727,1542 663,1542 600,1542 537,1542 473,1542 410,1542 347,1544 284,1544"/>
                <Baseline points="284,1568 347,1568 410,1566 473,1566 537,1566 600,1566 663,1566 727,1566 790,1566 853,1566 917,1566 980,1564 1043,1564 1106,1564 1170,1562 1233,1563 1296,1563 1360,1562 1423,1562 1486,1560 1550,1564"/>
                <TextEquiv>
                    <Unicode>legde je, in bed zittend, op zijn gestrekte beenen, spreidde ze
</Unicode>
                </TextEquiv>
            </TextLine>
            <TextLine id="tr_1_tl_22" custom="readingOrder {index:18;}">
                <Coords points="284,1630 349,1629 414,1628 479,1628 545,1628 610,1628 675,1628 741,1627 806,1626 871,1626 937,1626 1002,1626 1067,1625 1132,1624 1198,1624 1263,1624 1328,1623 1394,1622 1459,1622 1524,1622 1590,1622 1590,1586 1524,1586 1459,1586 1394,1586 1328,1587 1263,1588 1198,1588 1132,1588 1067,1589 1002,1590 937,1590 871,1590 806,1590 741,1591 675,1592 610,1592 545,1592 479,1592 414,1592 349,1593 284,1594"/>
                <Baseline points="284,1618 349,1617 414,1616 479,1616 545,1616 610,1616 675,1616 741,1615 806,1614 871,1614 937,1614 1002,1614 1067,1613 1132,1612 1198,1612 1263,1612 1328,1611 1394,1610 1459,1610 1524,1610 1590,1610"/>
                <TextEquiv>
                    <Unicode>dan plotseling, zoodat je met een schok op 't bed terecht kwam of
</Unicode>
                </TextEquiv>
            </TextLine>
            <TextLine id="tr_1_tl_23" custom="readingOrder {index:19;}">
                <Coords points="288,1680 352,1680 416,1679 480,1679 544,1678 608,1678 672,1678 736,1678 800,1678 864,1677 928,1676 992,1676 1056,1676 1120,1674 1184,1674 1248,1673 1312,1672 1376,1673 1440,1672 1504,1672 1568,1670 1568,1634 1504,1636 1440,1636 1376,1637 1312,1636 1248,1637 1184,1638 1120,1638 1056,1640 992,1640 928,1640 864,1641 800,1642 736,1642 672,1642 608,1642 544,1642 480,1643 416,1643 352,1644 288,1644"/>
                <Baseline points="288,1668 352,1668 416,1667 480,1667 544,1666 608,1666 672,1666 736,1666 800,1666 864,1665 928,1664 992,1664 1056,1664 1120,1662 1184,1662 1248,1661 1312,1660 1376,1661 1440,1660 1504,1660 1568,1658"/>
                <TextEquiv>
                    <Unicode>wel hij legde je op het groote rolkussen (goeling) en wachte tot 
</Unicode>
                </TextEquiv>
            </TextLine>
            <TextLine id="tr_1_tl_24" custom="readingOrder {index:20;}">
                <Coords points="288,1730 313,1729 338,1728 363,1727 388,1726 413,1726 438,1726 463,1726 488,1726 513,1726 538,1726 564,1728 564,1697 538,1695 513,1695 488,1695 463,1695 438,1695 413,1695 388,1695 363,1696 338,1697 313,1698 288,1699"/>
                <Baseline points="288,1720 313,1719 338,1718 363,1717 388,1716 413,1716 438,1716 463,1716 488,1716 513,1716 538,1716 564,1718"/>
                <TextEquiv>
                    <Unicode>je eraf rolde. 
</Unicode>
                </TextEquiv>
            </TextLine>
            <TextLine id="tr_1_tl_25" custom="readingOrder {index:21;}">
                <Coords points="290,1772 354,1778 419,1776 484,1776 549,1776 614,1776 679,1776 744,1776 809,1774 874,1776 939,1775 1003,1772 1068,1773 1133,1770 1198,1770 1263,1770 1328,1769 1393,1768 1458,1768 1523,1768 1588,1766 1588,1735 1523,1737 1458,1737 1393,1737 1328,1738 1263,1739 1198,1739 1133,1739 1068,1742 1003,1741 939,1744 874,1745 809,1743 744,1745 679,1745 614,1745 549,1745 484,1745 419,1745 354,1747 290,1741"/>
                <Baseline points="290,1762 354,1768 419,1766 484,1766 549,1766 614,1766 679,1766 744,1766 809,1764 874,1766 939,1765 1003,1762 1068,1763 1133,1760 1198,1760 1263,1760 1328,1759 1393,1758 1458,1758 1523,1758 1588,1756"/>
                <TextEquiv>
                    <Unicode>Toen je negen maanden was, zei hij: "Ik wou dat Mieke nu maar zóo
</Unicode>
                </TextEquiv>
            </TextLine>
            <TextLine id="tr_1_tl_26" custom="readingOrder {index:22;}">
                <Coords points="284,1831 342,1827 400,1827 459,1827 517,1827 576,1825 634,1825 692,1825 751,1827 809,1826 868,1826 926,1825 984,1824 1043,1823 1101,1823 1160,1821 1218,1821 1276,1821 1335,1819 1393,1819 1452,1818 1452,1784 1393,1785 1335,1785 1276,1787 1218,1787 1160,1787 1101,1789 1043,1789 984,1790 926,1791 868,1792 809,1792 751,1793 692,1791 634,1791 576,1791 517,1793 459,1793 400,1793 342,1793 284,1797"/>
                <Baseline points="284,1820 342,1816 400,1816 459,1816 517,1816 576,1814 634,1814 692,1814 751,1816 809,1815 868,1815 926,1814 984,1813 1043,1812 1101,1812 1160,1810 1218,1810 1276,1810 1335,1808 1393,1808 1452,1807"/>
                <TextEquiv>
                    <Unicode>bleef en niet grooter werd, want ik vind haar nu zoo leuk".
</Unicode>
                </TextEquiv>
            </TextLine>
            <TextLine id="tr_1_tl_27" custom="readingOrder {index:23;}">
                <Coords points="284,1879 348,1879 413,1875 478,1877 542,1877 607,1876 672,1875 736,1875 801,1875 866,1875 931,1873 995,1872 1060,1873 1125,1871 1189,1871 1254,1871 1319,1869 1383,1869 1448,1869 1513,1869 1578,1867 1578,1833 1513,1835 1448,1835 1383,1835 1319,1835 1254,1837 1189,1837 1125,1837 1060,1839 995,1838 931,1839 866,1841 801,1841 736,1841 672,1841 607,1842 542,1843 478,1843 413,1841 348,1845 284,1845"/>
                <Baseline points="284,1868 348,1868 413,1864 478,1866 542,1866 607,1865 672,1864 736,1864 801,1864 866,1864 931,1862 995,1861 1060,1862 1125,1860 1189,1860 1254,1860 1319,1858 1383,1858 1448,1858 1513,1858 1578,1856"/>
                <TextEquiv>
                    <Unicode>Toen je elf mnd. was, brak de oorlog met Japan uit en moest vader
</Unicode>
                </TextEquiv>
            </TextLine>
            <TextLine id="tr_1_tl_28" custom="readingOrder {index:24;}">
                <Coords points="286,1931 349,1927 412,1927 475,1927 538,1926 601,1924 664,1925 727,1925 790,1923 853,1925 917,1923 980,1923 1043,1923 1106,1921 1169,1921 1232,1920 1295,1919 1358,1919 1421,1919 1484,1917 1548,1917 1548,1883 1484,1883 1421,1885 1358,1885 1295,1885 1232,1886 1169,1887 1106,1887 1043,1889 980,1889 917,1889 853,1891 790,1889 727,1891 664,1891 601,1890 538,1892 475,1893 412,1893 349,1893 286,1897"/>
                <Baseline points="286,1920 349,1916 412,1916 475,1916 538,1915 601,1913 664,1914 727,1914 790,1912 853,1914 917,1912 980,1912 1043,1912 1106,1910 1169,1910 1232,1909 1295,1908 1358,1908 1421,1908 1484,1906 1548,1906"/>
                <TextEquiv>
                    <Unicode>onder dienst. Wij hebben toen erg gezworven. In Januari woonden
</Unicode>
                </TextEquiv>
            </TextLine>
            <TextLine id="tr_1_tl_29" custom="readingOrder {index:25;}">
                <Coords points="288,1977 347,1975 407,1975 467,1975 527,1973 587,1973 646,1973 706,1973 766,1973 826,1973 886,1973 945,1971 1005,1971 1065,1971 1125,1969 1185,1969 1244,1969 1304,1967 1364,1967 1424,1967 1484,1967 1484,1933 1424,1933 1364,1933 1304,1933 1244,1935 1185,1935 1125,1935 1065,1937 1005,1937 945,1937 886,1939 826,1939 766,1939 706,1939 646,1939 587,1939 527,1939 467,1941 407,1941 347,1941 288,1943"/>
                <Baseline points="288,1966 347,1964 407,1964 467,1964 527,1962 587,1962 646,1962 706,1962 766,1962 826,1962 886,1962 945,1960 1005,1960 1065,1960 1125,1958 1185,1958 1244,1958 1304,1956 1364,1956 1424,1956 1484,1956"/>
                <TextEquiv>
                    <Unicode>we bij Tante Bep Driessen en Febr., Mrt. 'n pension "Dermo".
</Unicode>
                </TextEquiv>
            </TextLine>
            <TextEquiv>
                <Unicode></Unicode>
            </TextEquiv>
        </TextRegion>
    </Page>
</PcGts>
