1700 2381
290 455 1538 493 April-Mei-Juni bij Tante Hannie Dokkum-Oosthoek, Darmokali en
288 505 1550 543 daarna met Tante Jo Streefkerk en Tante Riek de Way weer in ons
288 555 1528 591 eigen huis aan de Rochussenstraat 5 S'baya. Toen Papa Guus on-
288 605 1512 641 der dienst was, gingen we dikwijls thee drinken bij hem op de
288 655 1534 695 Coenblv. waar een Katholieke school als kazerne was ingericht.
288 704 1578 744 Jij liep toen voor het eerst en ik liet Papa vol trots zien, dat
290 757 1526 795 je tien pas van mijn stoel naar die van hem, alleen kon loopen.
386 804 1532 844 Papa werd ziek, wondinfectie aan zijn been met beginnende
288 855 1458 895 bloedvergiftiging en ook influenza. Toen de Jappen op Java
288 905 1550 943 landden, werd Papa met ziekte verlof naar huis gestuurd en moest
292 956 1074 998 zich Maand. morgens 9 Mrt. weer melden.
388 1000 1488 1044 Java capituleerde 8 Mrt. en 9 Mrt. 1 moesten alle dienst-
288 1054 1592 1098 plichtigen zich melden. Papa, die altijd strikt eerlijk was, ging
292 1105 1528 1145 ook, zo maar zonder iets mee te nemen, want "ik ben in 10 min.
288 1153 1588 1195 weer terug", zei hij, "de landstorm mogen ze niet gevangen nemen,
288 1199 1568 1247 alleen het beroepsleger". De eerste dagen van de bezetting trot-
290 1252 1590 1296 seerde ik alle Japansche wachten en ging verschillende malen naar
272 1306 1476 1349 het Jaarmarkt terrein. Hoe papa het er had, kun je uit zijn
294 1354 1534 1395 brieven lezen. Hij was erg opgewekt altijd!   29 April op Tenno
282 1403 1550 1447 Heika's verjaardag gingen we Papa bezoeken en dat was een reuze
296 1450 1578 1498 succes. Op straat werd het steeds minder prettig. Alle Japansche
294 1503 1534 1549 wachten moesten we groeten door een buiging van ca. 45 graden,
294 1551 1576 1597 maar toen ik met jou achterop de fiets over de Wonokromobrug reed
298 1599 1538 1645 en een buiging maakte met m'n neus op het stuur werd ik aange-
294 1651 1578 1699 schreeuwd door de Wacht in het Japansch. Ik sprong van m'n fiets
294 1701 1602 1747 hij schreeuwde en gesticuleerde een heele poos tegen me en gaf me
292 1750 1498 1798 toen een fiksche draai om mijn hoofd en een schop tegen mijn
298 1798 1654 1852 scheen met zijn gespijkerde schoen. Jij zette het op een schreeuwen.
