1705 2383
295 451 1579 494 Later hoorde ik, dat bij een wacht met de bajonet op het geweer,
295 499 1565 540 een pas van tevoren van de fiets gestapt moet worden, dan front
299 548 1589 586 maken en groeten en daarna mag weer verder gefietst worden. 't Is
291 600 1565 640 zo maar een weet.Een paar maanden later zag ik Papa Guus op een
299 648 1605 688 vrachtauto met andere krijgsgevangenen voorbij komen, op weg naar
301 700 1569 736 Het B.P.M. terrein bij Wonokromo. Ik ging in de middagpauze met
299 749 1523 788 jou achterop en een tasch met fruit erheen in de hoop iets te
297 800 1579 840 kunnen geven. We kwamen langs, ik groette de wacht en reed door,
303 848 1603 886 omdat het me niet gunstig leek; nà een kwartier keerde ik om ee en
303 898 1605 938 reed terug. Teun Dokkum, die bij de poort werkte, had ondertussen
301 948 1603 990 Papa gewaarschuwd, die ook naar voren was gekomen. De wacht stond
299 1000 1565 1040 midden op de weg en stopte me, begon op de gebruikelijke manier
303 1050 1599 1090 in 't Japansch te schreeuwen, eindelijk stopte hij, ik knikte ja,
295 1101 1585 1142 groette en wilde opstappen, maar hij rukte me aan m'n pols terug
295 1151 1529 1188 en sloeg me om m'n hoofd, dit zelfde spelletje herhaalde zich
299 1200 1539 1240 vier maal en toen drong er plotseling iets tot me door. 't Was
301 1250 1507 1290 of hij, voor hij stopte met spreken, steeds dezelfde klanken
303 1302 1603 1340 uitstootte. Ik bootste die klanken zoo goed en zoo kwaad mogelijk
297 1352 979 1392 na en ja het lukte, ik mocht gaan.
395 1398 1625 1442 Nog éénmaal komende uit de Ban2dstraat met Tante Jo Streefkerk
299 1448 1601 1492 werden we geroepen door een wacht op de Coenblv., die we niet be-
303 1498 1581 1540 hoefden te passeeren, maar die wel wel uit de verte konden zien.
301 1548 1529 1592 De arme stakker met zijn minderwaardigheidscomplex wilde niet
301 1596 1563 1646 genegeerd worden en hij wreekte zich door ons één voor één heel
303 1648 1565 1692 hard in ons neus te knijpen. "tant pis pour lui" dacht ik maar.
395 1698 1533 1740 8 Juli was er ter eere van de herdenking van de slag bij
301 1748 1561 1794 Peal Harbour een bezoekdag aan alle krijgsgevangen kampen. Wij
299 1797 1549 1844 hadden geboft. Ik kwam ca. kwart voor twee, stond voor een zij-
305 1847 1563 1894 deur w en was één van de eerste, die binnen mocht. Papa zag ons
299 1893 1565 1940 dadelijk en wij installeerden ons op een tiker op het grasveld.
303 1942 1547 1994 Papa had een kussen voor jou en ook een gendi met ijswater. We
