1697 2381
286 411 1546 453 bleven tot ca. 5 uur en het afscheid was niet moeilijk, want na
286 459 1566 501 er was een gerucht, dat dit bezoek zich de 8ste van iedere maand
286 509 1508 549 zou herhalen. 't Was echter de laatste maal, dat jullie elkaar
288 566 404 604 zagen.
386 604 1568 652 In October begonnen de transporten van de Jaarmarkt naar de
288 658 1550 701 trein met onbekende bestemming. 't Werd een erge nerveuze tijd,
288 706 1550 753 ik rende steeds op de fiets erheen en zag ze allen. Soms werden
292 754 1558 804 we met steenen gegooid, soms uiteen gejaagd en achterna gezeten
288 812 870 854 door Jappen, ook op de fiets.
384 856 1570 903 4 Jan. 1943. Was er weer een transport, ik voor dag en dauw
288 904 1594 954 erheen. Op 't Cannaplein gekomen, liep de stoet al en ik rende een
294 957 1648 1009 paar straten verder, waar ik over de brug bij de kali stond. Helaas,
292 1007 1614 1057 ik zag niets en toen de troep voorbij was, stond ik in dubio, naar
290 1056 1572 1108 huis te gaan of hem nog eens zien. Ik besloot het laatste om naar
296 1107 1592 1157 Dick Zaalberg, de man van mijn vriendin, die zelf in Poenten zat,
288 1157 1614 1207 uit te kijken. Bij de Marinekantine ving ik het begin van de troep
294 1205 1576 1257 weer op en keek naar alle lange mannen. Ineens zie ik iemand met
294 1255 1578 1305 een glad geschoren hoofd en een bril op met een sprongetje boven
292 1307 1556 1354 de anderen uitkomen. 't Was Papa Guus. Mijn hart miste een slag
302 1355 1518 1403 "Guus" riep ik, maar hij was voorbij. Ik vloog letterlijk met
296 1404 1598 1458 mijn fiets richting station Passar Toeri en daar stelde ik me op,
296 1452 1602 1510 aan de kant, waar Papa liep en juist op de hoek. Een paar pas van
298 1502 1606 1558 me af begon hij al te praten. Hoe gaat het met Mieke, "Best", zei
296 1551 1560 1609 ik, "waar is Dick Zaalberg". Die is nog te zwak om op transport
300 1601 1578 1655 te gaan" en toen was Papa voorbij. Hij keek nog half achterom en
304 1651 1566 1709 zei: "Houdt je maar flink, hoor!! " En dat is 't laatste, wat ik
304 1701 1574 1759 zag en hoorde van hem. Op 't Chineesche kerkhof voorbij het sta-
304 1753 1564 1807 tion heb ik van 8 uur tot 12 uur gewacht en toen kwam eindelijk
304 1802 1528 1858 de trein voorbij. Drie rijen dik boven elkaar staken allemaal
300 1845 1600 1913 glad geschoren hoofden uit het raam en er was niemand uit te her-
300 1901 1528 1961 kennen. Ik stond met je foto, die ik had laten maken ter eere
304 1948 1600 2012 van je tweede verjaardag boven mijn hoofd en wuifde met mijn zak-
302 2007 1286 2062 doek, maar ik weet niet of Papa het gezien heeft.
