1703 2382
336 455 1458 494 Vrijdags voor Paschen hoorde ik, dat we Dinsdags uit ons
236 505 1460 545 huis moesten zijn. We hebben toen gemeubileerde kamers gehad,
236 553 1446 593 op Pregollan Boender. Ik kon nog steeds uit het kamp blijven
236 601 1496 643 doordat ik me als verpleegster uitgaf. Bij een razzia werden we
240 651 1442 695 opgebracht en weer allen geregistreerd en kreeg ik een roode
242 703 1522 745 band, die ik ook geregeld moest dragen, wilde ik niet in de wijk
242 759 518 797 terecht komen.
340 801 1458 845 Maar eindelijk moest het er toch van komen en werden alle
236 853 1426 895 blanda totok aan geschreven zich op die en die datum aan de
236 908 996 947 wijk op de Reiniersboulevard te melden.
212 956 506 1009 30 sept. 42 43
340 1002 1518 1047 We gingen om elf uur met 4 handkoffers - 2 matrassen en een
242 1051 1526 1097 teil met keukengerei de wijk in. Het was er razend vol en om een
236 1099 1526 1147 uur of vier waren we eindelijk, op ons verzoek, ondergebracht in
236 1147 1490 1197 de van Swollstraat 20 bij Mevr. v. Straten met haar drie pleeg-
236 1199 1478 1249 kinderen en Mevr. Mr. Zuidema-v.Arkel met Pieter. Later op den
236 1247 1566 1299 dag kwam Mevr. Baay erbij. We sliepen samen in een tweepersoonsbed
244 1301 1466 1348 en Mevr. Baay op een bank. Met kasten en tikers hadden we het
242 1359 760 1399 afgeschut van de doorloop.
242 1417 364 1453 2 Oct.
344 1447 1486 1499 Mevr. Wijburg en dochter kwamen voor inkwartiering. Alles
246 1495 1526 1549 weer veranderen. Ze komen bij ons op de kamer en Mevr. Baay gaat
244 1557 926 1599 naar de kamer van de andere dames.
246 1615 370 1655 3 Oct.
344 1643 1548 1699 Tante Bep Driessen met Pluis kwamen de wijk in en we hielpen
244 1709 586 1749 hun installeeren.
240 1770 394 1805 13 Oct.
238 1797 1490 1850 Alles wat nà 30 Sept. binnenkwam ging op transport. Tante
248 1865 466 1899 Bep huilde.
