1703 2382
268 463 418 500 29 Oct.
372 510 810 545 Onze kongsie vertrekt.
268 557 526 599 November 1943.
374 603 1514 647 We waren de dagen vóór het transport erg druk met alles te
276 651 1578 697 regelen. We maakten van onze matrassen, de bekende "kesilir bult-
276 703 1518 749 zakken", 70 cm. breed. Dat was een reuze werk. Emmy Baay en ik
278 754 1572 799 deden het voor 10 menschen. Neus, oogen en ooren waren vol kapok.
268 805 1554 849 29 Oct. 'smorgens zeven uur (Nippontijd) moesten we aantreden op
274 855 1568 899 het Coenplein. Het was nog pikdonker. Jij liep met een klein rug-
276 905 1548 951 zakje met al je lichte kleertjes erin. Ik had een loodzware rug-
276 953 1634 999 zak, een thermosflesch en jou aan de hand en de andere hand torschte
278 1003 1614 1049 een mandentasch, waarin de timpan en de po broederlijk naast elkaar
276 1053 1584 1099 stonden, flesschen drinken, blikken koek enz. eraan hing nog mijn
278 1103 1638 1151 fietstasch gevuld met djeroeks. Het geheel was bijna niet te tillen.
372 1153 1538 1201 Na wat wachten was onze groep aan de beurt. Met Tante Emmy
284 1203 1642 1251 Baay werden we als laatsten in een soort bestelauto geduwd. We zaten
284 1253 1530 1299 op de grond, een agent bij de achterdeur. We werden uitgewuifd
276 1301 1564 1349 door alle achterblijvende vrouwen. Ik had erg moeite me goed te
286 1351 1604 1399 houden. Bij het Wonokromostation gekomen, moesten we een heel eind
286 1401 1564 1453 loopen naar het perron, waar onze trein stond. Ik riep een koeli
284 1451 1624 1503 aan, maar een Jap zei: "Sekarang tida boleh, bawa sendiri" (Dat mag
288 1495 1652 1551 nu niet meer, draag het zelf), waarop ik antwoordde: "O, bisa betoel"
288 1551 1548 1601 (kan best), maar ondertusschen kon ik haast niet meer. Gelukkig
280 1601 1564 1651 kwam een dame uit de trein me helpen. We bleven op dat snikheete
284 1650 1628 1702 station tot ca. 11 uur, daarna reden we geblindeerd in de buurt van
286 1699 1586 1753 Soerabaya rond. Geoebeng-Kota-Pasar Toeri. Om ca. 2 uur gingen we
286 1751 1610 1803 Soerabaya uit en mochten gelukkig de ramen open. Jij was erg lief.
288 1801 1604 1853 Zat op mijn schoot en in de namiddag sliep je zelfs even. Ik kreeg
284 1849 1574 1905 kramp in m'n armen. We aten wat van de meegenomen boterhammen en
288 1899 1650 1955 eieren en dronken thee, maar moesten erg zuinig doen, want we wisten
