1705 2383
233 440 1481 498 niet hoelang we ermee toe moesten. We passeerden een trein met
241 504 1547 562 Inlanders en jij riep: "Kokkie, Kokkie". Die treinreis vergeet ik
235 572 1565 628 mijn leven niet. Een doodziek kind lag op de bank achter ons en in
235 638 1611 696 de nacht succombeerde het bijna, in Semarang gekomen ging het meteen
235 710 643 762 naar een ziekenhuis.
339 770 1629 828 Toen we Bodjonegoro passeerden vermoedden we al, dat we richting
237 836 1633 895 Semarang gingen, maar het doel van de tocht bleef duister. 't Was een
245 902 1565 964 vreemd gevoel om als een gevangene vervoerd te worden. Op de voor-
245 970 1551 1028 en achterbalcons stonden de agenten en bij de stations stonden ze
243 1038 1605 1096 voor de trein. Eenige Jappen reden er ook mee. De nacht was vreeselijk.
243 1104 1567 1164 Op een klein tusschenstation voor Semarang stonden we van 12-2 uur
239 1171 1583 1229 stil. Tante Em en ik gingen uit de trein en wandelden rond. De men-
239 1238 1595 1296 schen lagen overal op de rails en op het gras te slapen. Jij lag in
239 1302 1627 1360 de loop tusschen de banken op mijn regenjas op de grond en sliep door
243 1370 1581 1428 alles heen. Menschen passeerden met flash lights en liepen over je
245 1434 1597 1493 heen en jij merkte er niets van, gelukkig. De morgen brak eindelijk
243 1500 1557 1560 aan en we waren in Semarang, daar werden groep 9 en 10 in de twee
243 1568 1549 1623 achterste wagens afgehaakt. We wisten nog steeds niet "waarheen",
223 1641 1613 1691 maar vreesden het beruchte Ambarawa. En inderdaad om 9 uur arriveer-
245 1709 1593 1753 den we daar. De Jappen van de Gemptetor 3 stonden op het perron, daar
247 1766 1617 1826 moesten we aantreden en gingen we op vrachtauto's en autobussen naar
251 1846 437 1894 ons kamp.
349 1898 1581 1960 Een Katholieke school waar Inlandsche jongens tot onderwijzer
