1718 2395
281 453 1603 513 werden opgeleid, werd ons aangewezen. De eerste indruk was beklem-
273 520 1663 581 mend. Zalen waarin 70 en 80 menschen onder gebracht werden. Wij trof-
281 587 1665 651 fen het nogal met een zaal van 25 menschen. Houten planken ter hoogte
285 655 1643 717 van een tafel waren aan twee zijden langs de muur aangebracht en één
277 721 1603 783 stond in het midden. Hierop kwamen onze kleine matrassen en kregen
273 787 1621 849 we elk 1 M. ruimte. Naast de matras was dan een strook van ± 20 cM.
273 853 1563 917 waar servies en toilet gerei kon staan. Onder de bank koffers en
279 921 1605 981 verdere bagage. Eten was er niet voor al die 500 menschen, maar de
275 989 1621 1048 Jappen lieten tegen half vier rijst in pisangbladen aanrukken. Dood
281 1054 1587 1116 van ellende, moeheid en honger, vielen we erop aan. Stoelen waren
275 1121 1637 1180 er niet en we zaten op de galerij òf in het gras als koelies. Wat er
275 1186 1635 1244 de eerste dagen is verricht door een groot aantal dames, is bewonde-
277 1256 1595 1315 renswaardig. Pannen ontbraken, slecht hout om te stoken, een oven,
275 1318 1599 1376 die na drie weken in elkaar zakte en met suiker werd gemetseld. De
273 1382 1579 1442 W.C.'s waren niets anders, dan twee smalle plankjes liggende over
273 1446 1619 1510 een sloot. Van de badkamers liepen het grootste deel van den dag de
275 1517 1635 1579 kranen niet. Met minimale beetjes water werd gewasschen, spoelen was
271 1581 733 1637 maar één maal mogelijk.
369 1651 1617 1713 Soms mocht er niet gebaad worden wegens watergebrek. De zieken
275 1717 1637 1775 waren legio. Het acclimatiseeren, de gure, koude wind, het drie maal
273 1787 1613 1842 per dag rijst eten, dat alles was funest voor de gezondheid. Achter
265 1851 1635 1908 het complex van zalen, die in een carrée lagen, was een klein hospi-
275 1916 595 1967 taaltje gemaakt.
