1703 2383
339 455 1629 515 Ongeveer tien dagen na onze komst lag jij daar. Je had het met je
235 523 1569 585 buikje te kwaad. Iederen dag van 12-1 en van 5-6 kwam ik bij je op
237 589 1623 653 bezoek, maar je was dan erg nerveus. Toen je ontslagen was en bij mij
239 655 1547 717 op het plankje lag, werd je onmiddellijk weer ziek 39.1 en iedere
239 724 1629 786 5 min. op de pô. Jo Streefkerk kwam 1 Dec. 's morgens pakte je in een
235 790 1645 850 deken en zei tegen mij: Pak vlug een koffer met kleeren. Ik breng haar
235 857 1565 918 naar het ziekenhuis in het dorp". Je begrijpt wat dat voor me was.
341 923 1633 986 Iederen avond als ik de klamboe naar beneden deed en je naar bed
239 989 1665 1051 bracht ging ik altijd even bij je babbelen en dat was ons privé uurtje.
287 1057 1241 1119 11 November moesten we al ons geld inleveren.
235 1137 533 1185 December 1943.
347 1190 1577 1247 Op Sinterklaas kregen alle kleinere kinderen een presentje en
247 1253 1649 1314 zongen versjes en jij was er niet bij en dat maakte me zoo verdrietig.
243 1317 1577 1381 Mij werd beloofd, dat ik de 6de 's morgens naar je toe mocht om je
243 1383 1595 1447 cadeau (een pop "Krelis") te brengen. Om Tien uur hoorde ik, dat ik
243 1449 1649 1513 niet gaan mocht, maar eindelijk den volgenden morgen ging ik dan toch.
247 1515 1633 1579 Onder geleide van een politie agent wandelde ik in verpleegsters uni-
255 1583 1645 1647 form met bloedpreparaten naar het hospitaal. Eerst moest ik van aller-
249 1649 1621 1715 lei afhandelen en naar andere patiënten informeren en eindelijk ging
253 1716 1577 1780 ik naar jou toe. Je lag op een groote zaal met allerlei Inlandsche
247 1784 1581 1846 kinderen en zag er erg slecht uit en riep maar! "Kom bij je mamma,
251 1851 1599 1915 kom bij je mamma". Na vijf minuten moest ik weer weg en dat gaf een
251 1932 495 1980 reuze drama.
