1713 2390
368 472 1634 522 Donderdag 10 Dec. kwam je onverwachts weer thuis en dat was een
270 539 1610 587 feest. Maar den volgenden dag had je weer over de 39° koorts en dat
268 604 1582 654 bleef zoo 5 dagen lang. Van 5 laatsten nacht dorst ik bijna niet te
272 672 1626 723 gaan slapen. Ik voelde steeds je pols en bleef op mijn ellebogen ge-
264 737 1006 787 steund naar je adem haling luisteren.
364 802 1594 854 Toen knapte je langzamerhand weer op en mocht je naar buiten.
270 869 1598 919 In 't begin liep je erg slecht met doorknikkende knieën, maar dank
268 936 1614 986 zij de levertraan en de ovomaltine, die ik bij me had, ging je toch
266 1002 674 1056 iederen dag vooruit.
366 1068 1674 1120 25 Dec. ging je voor het eerst naar het kleuterklasje. Je krijste
268 1135 1672 1183 van belang, liep drie maal weg en ook de 2de dag huilde je en moest ik
270 1204 1628 1252 je naar 't klasje dragen. De derde dag zei je met een trillende lip:
272 1267 1638 1315 "Mieke huilt niet". tegen de schooljuffrouw en op je verjaardag liep
270 1338 1614 1391 je met je armen vol cadeaux opgetogen tusschen Ineke Meyer en Peggy
272 1404 750 1455 Tigeleyn in naar school.
286 1469 1652 1517 29 Dec. '43 Je derde verjaardag vierde je dus in gevangenschap, maar
276 1536 1616 1585 je kreeg toch cadeaux en je had toch plezier. Ik maakte een giraffe
268 1600 1656 1649 en Tante Griet Vigeleyn een olifant. Tante Mia Diephuis borduurde een
270 1665 1616 1715 servet, waarop een lachende soepterrine en de stoom, die eruit komt
270 1731 1622 1781 zegt: De nassitim is gaar, de nassitim is klaar, eet je nu maar dik
270 1797 1578 1847 en rond, dan word je vroolijk en gezond. 3 geborduurde zakdoekjes
270 1862 1550 1916 een gebreide bal, 5 knikkers, een tandenborstel en een autootje.
364 1926 1656 1983 Toen je op het schooltje kwam, zongen alle Kinderen: Lang Zal ze
