<?xml version="1.0" encoding="UTF-8" standalone="yes"?>
<PcGts xmlns="http://schema.primaresearch.org/PAGE/gts/pagecontent/2013-07-15" xmlns:xsi="http://www.w3.org/2001/XMLSchema-instance" xsi:schemaLocation="http://schema.primaresearch.org/PAGE/gts/pagecontent/2013-07-15 http://schema.primaresearch.org/PAGE/gts/pagecontent/2013-07-15/pagecontent.xsd">
    <Metadata>
        <Creator>Transkribus</Creator>
        <Created>2024-10-04T16:38:47.139+02:00</Created>
        <LastChange>2024-10-06T14:28:36.615+02:00</LastChange>
        <TranskribusMetadata docId="4508828" pageId="79708380" pageNr="11" tsid="191700629" status="IN_PROGRESS" userId="224338" imgUrl="https://files.transkribus.eu/Get?id=XSAUWUBRLZGAFZDUDECZDCCY&amp;fileType=view" xmlUrl="https://files.transkribus.eu/Get?id=RZHWIPSTFDSYBGPITUNMYOGL" imageId="65103440"/>
    </Metadata>
    <Page imageFilename="0011_NL-AsdNIOD_401_0161_0012.jpg" imageWidth="1705" imageHeight="2392">
        <ReadingOrder>
            <OrderedGroup id="ro_1729171049112" caption="Regions reading order">
                <RegionRefIndexed index="0" regionRef="tr_1"/>
            </OrderedGroup>
        </ReadingOrder>
        <TextRegion orientation="0.0" id="tr_1" custom="readingOrder {index:0;}">
            <Coords points="226,346 226,2004 1651,2004 1651,346"/>
            <TextLine id="tr_1_tl_1" custom="readingOrder {index:0;}">
                <Coords points="828,394 860,398 893,398 926,394 926,346 893,350 860,350 828,346"/>
                <Baseline points="828,378 860,382 893,382 926,378"/>
            </TextLine>
            <TextLine id="tr_1_tl_2" custom="readingOrder {index:1;}">
                <Coords points="248,537 316,535 384,535 452,533 520,531 589,531 657,529 725,529 793,529 861,529 930,527 998,526 1066,525 1134,523 1202,523 1271,523 1339,521 1407,519 1475,519 1543,518 1612,517 1612,471 1543,472 1475,473 1407,473 1339,475 1271,477 1202,477 1134,477 1066,479 998,480 930,481 861,483 793,483 725,483 657,483 589,485 520,485 452,487 384,489 316,489 248,491"/>
                <Baseline points="248,522 316,520 384,520 452,518 520,516 589,516 657,514 725,514 793,514 861,514 930,512 998,511 1066,510 1134,508 1202,508 1271,508 1339,506 1407,504 1475,504 1543,503 1612,502"/>
                <TextEquiv>
                    <Unicode>leven" en dat vond je prachtig. Uit de keuken kreeg ik een half pond</Unicode>
                </TextEquiv>
            </TextLine>
            <TextLine id="tr_1_tl_3" custom="readingOrder {index:2;}">
                <Coords points="244,603 311,601 379,601 446,599 514,597 582,595 649,595 717,595 784,593 852,593 920,592 987,591 1055,589 1122,589 1190,587 1257,587 1325,587 1393,585 1460,586 1528,584 1596,583 1596,537 1528,538 1460,540 1393,539 1325,541 1257,541 1190,541 1122,543 1055,543 987,545 920,546 852,547 784,547 717,549 649,549 582,549 514,551 446,553 379,555 311,555 244,557"/>
                <Baseline points="244,588 311,586 379,586 446,584 514,582 582,580 649,580 717,580 784,578 852,578 920,577 987,576 1055,574 1122,574 1190,572 1257,572 1325,572 1393,570 1460,571 1528,569 1596,568"/>
                <TextEquiv>
                    <Unicode>suiker extra en daarvan maakte ik chocolade borstplaat, die je zelf
</Unicode>
                </TextEquiv>
            </TextLine>
            <TextLine id="tr_1_tl_4" custom="readingOrder {index:3;}">
                <Coords points="242,669 268,668 294,667 320,667 347,667 373,665 399,665 426,665 452,665 478,664 504,663 531,663 557,663 583,663 610,667 610,621 583,617 557,617 531,617 504,617 478,618 452,619 426,619 399,619 373,619 347,621 320,621 294,621 268,622 242,623"/>
                <Baseline points="242,654 268,653 294,652 320,652 347,652 373,650 399,650 426,650 452,650 478,649 504,648 531,648 557,648 583,648 610,652"/>
                <TextEquiv>
                    <Unicode>mocht rond deelen. 
</Unicode>
                </TextEquiv>
            </TextLine>
            <TextLine id="tr_1_tl_5" custom="readingOrder {index:4;}">
                <Coords points="226,737 290,734 354,731 418,731 482,730 547,729 611,729 675,727 739,726 803,726 868,725 932,727 996,723 1060,723 1124,721 1189,721 1253,719 1317,719 1381,719 1445,717 1510,717 1510,671 1445,671 1381,673 1317,673 1253,673 1189,675 1124,675 1060,677 996,677 932,681 868,679 803,680 739,680 675,681 611,683 547,683 482,684 418,685 354,685 290,688 226,691"/>
                <Baseline points="226,722 290,719 354,716 418,716 482,715 547,714 611,714 675,712 739,711 803,711 868,710 932,712 996,708 1060,708 1124,706 1189,706 1253,704 1317,704 1381,704 1445,702 1510,702"/>
                <TextEquiv>
                    <Unicode>6 Heel hoog in de lucht waren 13 vliegtuigen! Amerikanen????
</Unicode>
                </TextEquiv>
            </TextLine>
            <TextLine id="tr_1_tl_6" custom="readingOrder {index:5;}">
                <Coords points="240,807 307,802 374,801 441,799 508,795 575,795 642,793 709,793 776,791 843,791 911,791 978,789 1045,787 1112,787 1179,787 1246,785 1313,785 1380,784 1447,783 1514,784 1582,785 1582,739 1514,738 1447,737 1380,738 1313,739 1246,739 1179,741 1112,741 1045,741 978,743 911,745 843,745 776,745 709,747 642,747 575,749 508,749 441,753 374,755 307,756 240,761"/>
                <Baseline points="240,792 307,787 374,786 441,784 508,780 575,780 642,778 709,778 776,776 843,776 911,776 978,774 1045,772 1112,772 1179,772 1246,770 1313,770 1380,769 1447,768 1514,769 1582,770"/>
                <TextEquiv>
                    <Unicode>1 Jan. 1944. Oudejaarsavond kregen we uit de keuken een slaatje en
</Unicode>
                </TextEquiv>
            </TextLine>
            <TextLine id="tr_1_tl_7" custom="readingOrder {index:6;}">
                <Coords points="248,869 317,867 386,865 456,865 525,863 595,861 664,861 733,859 803,859 872,859 942,857 1011,855 1080,854 1150,853 1219,851 1289,851 1358,851 1427,851 1497,849 1566,849 1636,851 1636,805 1566,803 1497,803 1427,805 1358,805 1289,805 1219,805 1150,807 1080,808 1011,809 942,811 872,813 803,813 733,813 664,815 595,815 525,817 456,819 386,819 317,821 248,823"/>
                <Baseline points="248,854 317,852 386,850 456,850 525,848 595,846 664,846 733,844 803,844 872,844 942,842 1011,840 1080,839 1150,838 1219,836 1289,836 1358,836 1427,836 1497,834 1566,834 1636,836"/>
                <TextEquiv>
                    <Unicode>we dronken koffie met room. Mevr. de Boer droeg twee stukjes voor uit
</Unicode>
                </TextEquiv>
            </TextLine>
            <TextLine id="tr_1_tl_8" custom="readingOrder {index:7;}">
                <Coords points="244,936 311,934 379,933 447,932 515,932 583,930 650,929 718,928 786,926 854,926 922,926 989,925 1057,922 1125,922 1193,922 1261,921 1328,922 1396,920 1464,920 1532,918 1600,918 1600,870 1532,870 1464,872 1396,872 1328,874 1261,873 1193,874 1125,874 1057,874 989,877 922,878 854,878 786,878 718,880 650,881 583,882 515,884 447,884 379,885 311,886 244,888"/>
                <Baseline points="244,920 311,918 379,917 447,916 515,916 583,914 650,913 718,912 786,910 854,910 922,910 989,909 1057,906 1125,906 1193,906 1261,905 1328,906 1396,904 1464,904 1532,902 1600,902"/>
                <TextEquiv>
                    <Unicode>meditaties van Tonny de Ridder - Najaarslaan van Jac. v.d. Waals en
</Unicode>
                </TextEquiv>
            </TextLine>
            <TextLine id="tr_1_tl_9" custom="readingOrder {index:8;}">
                <Coords points="244,1002 309,1002 375,1000 440,1000 506,998 571,998 637,997 702,997 768,994 833,994 899,994 964,991 1030,991 1095,990 1161,990 1226,988 1292,988 1357,987 1423,986 1488,986 1554,990 1554,942 1488,938 1423,938 1357,939 1292,940 1226,940 1161,942 1095,942 1030,943 964,943 899,946 833,946 768,946 702,949 637,949 571,950 506,950 440,952 375,952 309,954 244,954"/>
                <Baseline points="244,986 309,986 375,984 440,984 506,982 571,982 637,981 702,981 768,978 833,978 899,978 964,975 1030,975 1095,974 1161,974 1226,972 1292,972 1357,971 1423,970 1488,970 1554,974"/>
                <TextEquiv>
                    <Unicode>Meieklokken van Schrijver. Ze eindigde met een persoonlijk woord, 
</Unicode>
                </TextEquiv>
            </TextLine>
            <TextLine id="tr_1_tl_10" custom="readingOrder {index:9;}">
                <Coords points="252,1070 318,1068 384,1066 451,1066 517,1066 584,1064 650,1064 716,1064 783,1062 849,1060 916,1058 982,1058 1048,1056 1115,1056 1181,1056 1248,1054 1314,1054 1380,1052 1447,1052 1513,1052 1580,1054 1580,1006 1513,1004 1447,1004 1380,1004 1314,1006 1248,1006 1181,1008 1115,1008 1048,1008 982,1010 916,1010 849,1012 783,1014 716,1016 650,1016 584,1016 517,1018 451,1018 384,1018 318,1020 252,1022"/>
                <Baseline points="252,1054 318,1052 384,1050 451,1050 517,1050 584,1048 650,1048 716,1048 783,1046 849,1044 916,1042 982,1042 1048,1040 1115,1040 1181,1040 1248,1038 1314,1038 1380,1036 1447,1036 1513,1036 1580,1038"/>
                <TextEquiv>
                    <Unicode>waarin ze uitlietkomen, dat, hoewel, onze echtgenoten verspreid en 
</Unicode>
                </TextEquiv>
            </TextLine>
            <TextLine id="tr_1_tl_11" custom="readingOrder {index:10;}">
                <Coords points="254,1137 323,1135 392,1134 461,1133 531,1131 600,1131 669,1131 739,1129 808,1127 877,1125 947,1123 1016,1123 1085,1121 1154,1119 1224,1119 1293,1119 1362,1119 1432,1119 1501,1117 1570,1117 1640,1117 1640,1071 1570,1071 1501,1071 1432,1073 1362,1073 1293,1073 1224,1073 1154,1073 1085,1075 1016,1077 947,1077 877,1079 808,1081 739,1083 669,1085 600,1085 531,1085 461,1087 392,1088 323,1089 254,1091"/>
                <Baseline points="254,1122 323,1120 392,1119 461,1118 531,1116 600,1116 669,1116 739,1114 808,1112 877,1110 947,1108 1016,1108 1085,1106 1154,1104 1224,1104 1293,1104 1362,1104 1432,1104 1501,1102 1570,1102 1640,1102"/>
                <TextEquiv>
                    <Unicode>ver van ons weg waren, zij zeker dezen avond aan ons denken zouden en 
</Unicode>
                </TextEquiv>
            </TextLine>
            <TextLine id="tr_1_tl_12" custom="readingOrder {index:11;}">
                <Coords points="250,1203 318,1202 387,1199 455,1199 524,1197 592,1196 661,1195 729,1194 798,1193 866,1191 935,1191 1003,1189 1072,1188 1140,1187 1209,1187 1277,1185 1346,1185 1414,1183 1483,1184 1551,1183 1620,1185 1620,1139 1551,1137 1483,1138 1414,1137 1346,1139 1277,1139 1209,1141 1140,1141 1072,1142 1003,1143 935,1145 866,1145 798,1147 729,1148 661,1149 592,1150 524,1151 455,1153 387,1153 318,1156 250,1157"/>
                <Baseline points="250,1188 318,1187 387,1184 455,1184 524,1182 592,1181 661,1180 729,1179 798,1178 866,1176 935,1176 1003,1174 1072,1173 1140,1172 1209,1172 1277,1170 1346,1170 1414,1168 1483,1169 1551,1168 1620,1170"/>
                <TextEquiv>
                    <Unicode>wij daarom dan toch, in gedachten, hereend waren. Ze besloot met het
</Unicode>
                </TextEquiv>
            </TextLine>
            <TextLine id="tr_1_tl_13" custom="readingOrder {index:12;}">
                <Coords points="248,1267 316,1267 385,1266 454,1265 523,1263 592,1262 660,1261 729,1259 798,1258 867,1257 936,1257 1004,1257 1073,1255 1142,1255 1211,1255 1280,1254 1348,1253 1417,1251 1486,1251 1555,1251 1624,1251 1624,1205 1555,1205 1486,1205 1417,1205 1348,1207 1280,1208 1211,1209 1142,1209 1073,1209 1004,1211 936,1211 867,1211 798,1212 729,1213 660,1215 592,1216 523,1217 454,1219 385,1220 316,1221 248,1221"/>
                <Baseline points="248,1252 316,1252 385,1251 454,1250 523,1248 592,1247 660,1246 729,1244 798,1243 867,1242 936,1242 1004,1242 1073,1240 1142,1240 1211,1240 1280,1239 1348,1238 1417,1236 1486,1236 1555,1236 1624,1236"/>
                <TextEquiv>
                    <Unicode>declameeren van: "Mijn schildt en de betrouwen, zijt Gij, O God mijn
</Unicode>
                </TextEquiv>
            </TextLine>
            <TextLine id="tr_1_tl_14" custom="readingOrder {index:13;}">
                <Coords points="248,1336 318,1334 388,1334 458,1332 528,1330 598,1330 668,1328 739,1328 809,1326 879,1325 949,1324 1019,1324 1089,1322 1159,1322 1230,1322 1300,1320 1370,1319 1440,1318 1510,1317 1580,1316 1651,1316 1651,1268 1580,1268 1510,1269 1440,1270 1370,1271 1300,1272 1230,1274 1159,1274 1089,1274 1019,1276 949,1276 879,1277 809,1278 739,1280 668,1280 598,1282 528,1282 458,1284 388,1286 318,1286 248,1288"/>
                <Baseline points="248,1320 318,1318 388,1318 458,1316 528,1314 598,1314 668,1312 739,1312 809,1310 879,1309 949,1308 1019,1308 1089,1306 1159,1306 1230,1306 1300,1304 1370,1303 1440,1302 1510,1301 1580,1300 1651,1300"/>
                <TextEquiv>
                    <Unicode>Heere!" Een ieder was opgewekt, want bijna allen hebben de vaste over-
</Unicode>
                </TextEquiv>
            </TextLine>
            <TextLine id="tr_1_tl_15" custom="readingOrder {index:14;}">
                <Coords points="258,1400 327,1402 396,1401 465,1398 534,1400 603,1397 672,1394 741,1394 810,1392 879,1392 949,1392 1018,1390 1087,1390 1156,1390 1225,1388 1294,1386 1363,1386 1432,1384 1501,1384 1570,1382 1640,1384 1640,1336 1570,1334 1501,1336 1432,1336 1363,1338 1294,1338 1225,1340 1156,1342 1087,1342 1018,1342 949,1344 879,1344 810,1344 741,1346 672,1346 603,1349 534,1352 465,1350 396,1353 327,1354 258,1352"/>
                <Baseline points="258,1384 327,1386 396,1385 465,1382 534,1384 603,1381 672,1378 741,1378 810,1376 879,1376 949,1376 1018,1374 1087,1374 1156,1374 1225,1372 1294,1370 1363,1370 1432,1368 1501,1368 1570,1366 1640,1368"/>
                <TextEquiv>
                    <Unicode>tuiging, dat dit jaar de uiteindelijke overwinning zal plaats hebben. 
</Unicode>
                </TextEquiv>
            </TextLine>
            <TextLine id="tr_1_tl_16" custom="readingOrder {index:15;}">
                <Coords points="252,1472 320,1468 389,1466 457,1464 526,1463 595,1460 663,1460 732,1459 800,1458 869,1456 938,1456 1006,1454 1075,1454 1143,1454 1212,1452 1281,1452 1349,1450 1418,1450 1486,1448 1555,1447 1624,1446 1624,1403 1555,1404 1486,1405 1418,1407 1349,1407 1281,1409 1212,1409 1143,1411 1075,1411 1006,1411 938,1413 869,1413 800,1415 732,1416 663,1417 595,1417 526,1420 457,1421 389,1423 320,1425 252,1429"/>
                <Baseline points="252,1458 320,1454 389,1452 457,1450 526,1449 595,1446 663,1446 732,1445 800,1444 869,1442 938,1442 1006,1440 1075,1440 1143,1440 1212,1438 1281,1438 1349,1436 1418,1436 1486,1434 1555,1433 1624,1432"/>
                <TextEquiv>
                    <Unicode>2 Jan. Ik ben jarig, maar niemand weet het, Ik lig ziek in bed, want
</Unicode>
                </TextEquiv>
            </TextLine>
            <TextLine id="tr_1_tl_17" custom="readingOrder {index:16;}">
                <Coords points="256,1530 322,1530 389,1530 456,1530 522,1528 589,1528 656,1526 722,1526 789,1524 856,1524 923,1522 989,1520 1056,1520 1123,1520 1189,1518 1256,1518 1323,1516 1389,1516 1456,1514 1523,1514 1590,1516 1590,1473 1523,1471 1456,1471 1389,1473 1323,1473 1256,1475 1189,1475 1123,1477 1056,1477 989,1477 923,1479 856,1481 789,1481 722,1483 656,1483 589,1485 522,1485 456,1487 389,1487 322,1487 256,1487"/>
                <Baseline points="256,1516 322,1516 389,1516 456,1516 522,1514 589,1514 656,1512 722,1512 789,1510 856,1510 923,1508 989,1506 1056,1506 1123,1506 1189,1504 1256,1504 1323,1502 1389,1502 1456,1500 1523,1500 1590,1502"/>
                <TextEquiv>
                    <Unicode>er is weer zoo'n plaag van buik influenza in het kamp. Ik liet jou
</Unicode>
                </TextEquiv>
            </TextLine>
            <TextLine id="tr_1_tl_18" custom="readingOrder {index:17;}">
                <Coords points="260,1600 327,1598 394,1597 461,1596 528,1596 595,1595 662,1595 729,1594 796,1592 863,1591 931,1590 998,1588 1065,1588 1132,1586 1199,1584 1266,1584 1333,1582 1400,1582 1467,1582 1534,1583 1602,1588 1602,1540 1534,1535 1467,1534 1400,1534 1333,1534 1266,1536 1199,1536 1132,1538 1065,1540 998,1540 931,1542 863,1543 796,1544 729,1546 662,1547 595,1547 528,1548 461,1548 394,1549 327,1550 260,1552"/>
                <Baseline points="260,1584 327,1582 394,1581 461,1580 528,1580 595,1579 662,1579 729,1578 796,1576 863,1575 931,1574 998,1572 1065,1572 1132,1570 1199,1568 1266,1568 1333,1566 1400,1566 1467,1566 1534,1567 1602,1572"/>
                <TextEquiv>
                    <Unicode>zachtjes zingen: Lang zal ze leven" en "O, wat zijn we heden blij", 
</Unicode>
                </TextEquiv>
            </TextLine>
            <TextLine id="tr_1_tl_19" custom="readingOrder {index:18;}">
                <Coords points="256,1665 316,1663 376,1664 437,1663 497,1661 558,1661 618,1661 678,1661 739,1659 799,1659 860,1659 920,1655 980,1655 1041,1653 1101,1653 1162,1651 1222,1649 1282,1649 1343,1649 1403,1647 1464,1651 1464,1605 1403,1601 1343,1603 1282,1603 1222,1603 1162,1605 1101,1607 1041,1607 980,1609 920,1609 860,1613 799,1613 739,1613 678,1615 618,1615 558,1615 497,1615 437,1617 376,1618 316,1617 256,1619"/>
                <Baseline points="256,1650 316,1648 376,1649 437,1648 497,1646 558,1646 618,1646 678,1646 739,1644 799,1644 860,1644 920,1640 980,1640 1041,1638 1101,1638 1162,1636 1222,1634 1282,1634 1343,1634 1403,1632 1464,1636"/>
                <TextEquiv>
                    <Unicode>niemand had er erg in, want jij zingt dat wel meer, zoomaar. 
</Unicode>
                </TextEquiv>
            </TextLine>
            <TextLine id="tr_1_tl_20" custom="readingOrder {index:19;}">
                <Coords points="256,1739 322,1733 389,1731 455,1727 522,1727 589,1727 655,1725 722,1725 788,1724 855,1723 922,1721 988,1721 1055,1719 1121,1717 1188,1715 1254,1713 1321,1713 1388,1712 1454,1711 1521,1711 1588,1711 1588,1665 1521,1665 1454,1665 1388,1666 1321,1667 1254,1667 1188,1669 1121,1671 1055,1673 988,1675 922,1675 855,1677 788,1678 722,1679 655,1679 589,1681 522,1681 455,1681 389,1685 322,1687 256,1693"/>
                <Baseline points="256,1724 322,1718 389,1716 455,1712 522,1712 589,1712 655,1710 722,1710 788,1709 855,1708 922,1706 988,1706 1055,1704 1121,1702 1188,1700 1254,1698 1321,1698 1388,1697 1454,1696 1521,1696 1588,1696"/>
                <TextEquiv>
                    <Unicode>5 Jan. Zeven vliegtuigen kwamen over in W. formatie. Amerikanen???
</Unicode>
                </TextEquiv>
            </TextLine>
            <TextLine id="tr_1_tl_21" custom="readingOrder {index:20;}">
                <Coords points="260,1804 329,1798 398,1796 467,1792 536,1792 606,1790 675,1790 744,1788 813,1788 882,1787 952,1786 1021,1784 1090,1782 1159,1782 1228,1780 1298,1778 1367,1778 1436,1778 1505,1778 1574,1777 1644,1780 1644,1738 1574,1735 1505,1736 1436,1736 1367,1736 1298,1736 1228,1738 1159,1740 1090,1740 1021,1742 952,1744 882,1745 813,1746 744,1746 675,1748 606,1748 536,1750 467,1750 398,1754 329,1756 260,1762"/>
                <Baseline points="260,1790 329,1784 398,1782 467,1778 536,1778 606,1776 675,1776 744,1774 813,1774 882,1773 952,1772 1021,1770 1090,1768 1159,1768 1228,1766 1298,1764 1367,1764 1436,1764 1505,1764 1574,1763 1644,1766"/>
                <TextEquiv>
                    <Unicode>9 Jan. Het regent maar steeds. Hopeloos! Jij bent verkouden en hoest. 
</Unicode>
                </TextEquiv>
            </TextLine>
            <TextLine id="tr_1_tl_22" custom="readingOrder {index:21;}">
                <Coords points="258,1862 316,1862 374,1862 433,1860 491,1858 550,1858 608,1856 666,1855 725,1856 783,1854 842,1854 900,1853 958,1851 1017,1851 1075,1849 1134,1848 1192,1846 1250,1846 1309,1846 1367,1846 1426,1848 1426,1806 1367,1804 1309,1804 1250,1804 1192,1804 1134,1806 1075,1807 1017,1809 958,1809 900,1811 842,1812 783,1812 725,1814 666,1813 608,1814 550,1816 491,1816 433,1818 374,1820 316,1820 258,1820"/>
                <Baseline points="258,1848 316,1848 374,1848 433,1846 491,1844 550,1844 608,1842 666,1841 725,1842 783,1840 842,1840 900,1839 958,1837 1017,1837 1075,1835 1134,1834 1192,1832 1250,1832 1309,1832 1367,1832 1426,1834"/>
                <TextEquiv>
                    <Unicode>Wanneer houdt dit leven op? Ik verlang zóo naar het einde. 
</Unicode>
                </TextEquiv>
            </TextLine>
            <TextLine id="tr_1_tl_23" custom="readingOrder {index:22;}">
                <Coords points="262,1929 330,1931 398,1931 466,1928 534,1926 603,1923 671,1923 739,1923 807,1921 875,1921 944,1919 1012,1918 1080,1915 1148,1915 1216,1915 1285,1915 1353,1913 1421,1913 1489,1912 1557,1911 1626,1911 1626,1865 1557,1865 1489,1866 1421,1867 1353,1867 1285,1869 1216,1869 1148,1869 1080,1869 1012,1872 944,1873 875,1875 807,1875 739,1877 671,1877 603,1877 534,1880 466,1882 398,1885 330,1885 262,1883"/>
                <Baseline points="262,1914 330,1916 398,1916 466,1913 534,1911 603,1908 671,1908 739,1908 807,1906 875,1906 944,1904 1012,1903 1080,1900 1148,1900 1216,1900 1285,1900 1353,1898 1421,1898 1489,1897 1557,1896 1626,1896"/>
                <TextEquiv>
                    <Unicode>We krijgen zóo weinig te eten, dat ik doorloopend rammel van de hon-
</Unicode>
                </TextEquiv>
            </TextLine>
            <TextLine id="tr_1_tl_24" custom="readingOrder {index:23;}">
                <Coords points="260,2004 326,2000 393,2000 460,1998 527,1997 594,1995 661,1994 728,1992 795,1990 862,1989 929,1989 995,1986 1062,1986 1129,1984 1196,1984 1263,1984 1330,1984 1397,1982 1464,1981 1531,1980 1598,1984 1598,1936 1531,1932 1464,1933 1397,1934 1330,1936 1263,1936 1196,1936 1129,1936 1062,1938 995,1938 929,1941 862,1941 795,1942 728,1944 661,1946 594,1947 527,1949 460,1950 393,1952 326,1952 260,1956"/>
                <Baseline points="260,1988 326,1984 393,1984 460,1982 527,1981 594,1979 661,1978 728,1976 795,1974 862,1973 929,1973 995,1970 1062,1970 1129,1968 1196,1968 1263,1968 1330,1968 1397,1966 1464,1965 1531,1964 1598,1968"/>
                <TextEquiv>
                    <Unicode>ger. Jij krijgt gelukkig genoeg. 's Morgens rijst en 's middags en
</Unicode>
                </TextEquiv>
            </TextLine>
        </TextRegion>
    </Page>
</PcGts>
