1717 2390
256 462 1670 516 's avonds Nassi-tim, dan vruchten en melk. Morgen is je dieet ('s avonds
250 531 1114 584 nassitim) afgeloopen en krijg je rijstepap.
250 596 1620 653 12 Febr. Mieke: "Moeder, als jij een kleine baby geworden was, en ik
252 662 1626 714 een groote moeder, dan zal ik je in een bedje leggen en een bekertje
258 732 1158 781 (dekentje) voor je maken met een eendje erop.
248 796 1640 847 Als je gaat slapen en je ligt op je rug, zijn je beentjes gespreid en
248 863 1646 911 terwijl je hielen op de matras rusten, bewegen je beide voeten gelijk-
246 930 1612 980 matig, rechts en links. Lig je op je buik, dan doe je hetzelfde, met
248 996 1632 1050 je teenen onbewegelijk en je hielen rechts en links bewegende. Lig je
252 1065 1528 1114 zóo dan weet ik, dat je slaperig bent. Nooit zuig je op je duim.
240 1130 1228 1186 17 Febr. Je leerde op school het volgende versje:
468 1197 1296 1247 Liggen er geen appeltjes meer op de grond
468 1263 974 1313 Heb je ze al in je mandje
464 1331 1278 1381 Dan gaan we weer op een drafje naar huis
464 1395 1088 1444 Niet laten vallen, hoor Jantje!
248 1460 1538 1514 Toen ik vanmiddag met je van de kamptoko kwam, wilde je zelf het
248 1529 1614 1581 rantangbakje met koekjes dragen en ik zei: "Mag wel, maar niet laten
248 1595 1556 1645 vallen, hoor!" Waarop jij precies de juiste toon te pakken had en
250 1660 1638 1714 zong: "Niet laten vallen, hoor Jantje!" Toen lachte je even guitig en
248 1726 1424 1778 begon te zingen: "Liggen er geen koekjes meer op de grond".
344 1792 1590 1848 Je hebt op 't oogenblik erg last met de vervoeging van de werk
248 1860 1648 1914 woorden. Je praat van: Als we morgen wakker bent ...: en hebt genemen.
250 1926 1592 1984 Ineke Meyer wilde vanmorgen met je naar het schooltje gaan, maar je
