1704 2383
243 440 1593 504 zei: "Ga maar vast, ik kom wel zelf" en je wachtte rustig tot Ineke
243 508 1547 568 een half blok voor je uitliep, toen startte jezelf heel langzaam.
243 575 1593 640 20 Febr. Je speelt heel lief met een bloemtje een kiezelsteentje òf
243 643 1627 702 een sapoelidi. Dan fantaseer je, dat dat een kindje is en dan redeneer
253 708 1557 774 je aan één stuk door. Je zei b.v.: "Ga maar bloempjes plukken met
251 776 1593 838 lange stelen, hoor! Witteeen rooie en blauwe en fluweeltjes (viool-
251 845 1561 907 tjes?) en dan krijg je een schietertje (gietertje) en dan mag je ze
251 919 711 973 zelf schieten((gieten).
243 978 1541 1044 26 Febr. Mevrouw Donk overleden - akelig stormachtig weer - zelf
247 1044 1617 1106 lunch koken. Half vijf worden negen meisjes tusschen 17-28 jaar door
251 1111 1541 1171 door eenige Jappen met een geblindeerde autobus weggehaald. Alle
259 1178 1595 1236 smeekbeden van de moeders en kampcommandante mochten niet baten. Er
251 1248 1075 1302 heerscht groote verslagenheid in 't kamp.
253 1309 1563 1372 27 Febr. Eén uur in de kamer opgesloten geweest. Luchtalarm! Veel
257 1379 1353 1434 vliegtuigen boven Semarang van over zee is het bericht.
259 1446 1337 1506 28 Febr. Mieke is 95 c.M. 28-29 Febr. weer luchtalarm.
257 1502 1563 1567 Mieke zegt:"Is Jezus geen Nippon? Zijn er bij Jezus ook agenten?"
259 1578 1503 1633 "De viezigheid uit mijn neus smaakt zuur". (Echt frisch, hoor!)
251 1645 1659 1706 11 Maart Je speelde met pop Krelis en zei: "Schatje, zal ik een versje
265 1713 585 1768 voor je zingen?"
257 1777 1621 1835 Daarop zong je wat en zei: "Mooi hè?, dat heeft Moeder op school ge-
259 1851 399 1903 leerd".
257 1909 1627 1975 14 Maart Alle electrische apparaten afgenomen. Mieke heeft een klein
