1706 2388
230 468 1418 530 schrammetje: "Komt er geen bloed uit mijn pijn?" vraagt ze.
232 540 1578 597 15 Maart 95 nieuwe menschen binnen gekomen. Mieke is in de badkamer
232 605 1624 663 verrukt, dat een blokje in de mandiebak blijft drijven. Ze is dòl aan
232 668 1550 730 het spelen. Als ik zeg: "Nu afdrogen, Miek", bromt ze: "Rot vent".
230 737 1616 797 17 Maart Mieke krijgt een stukje djerroek van één van de nieuw aange-
228 801 1076 859 komenen. "Mieters jô!" is haar commentaar!
228 870 1618 931 24 Maart:  Mieke in de badkamer: "Als Papa Guus thuis is, zegt ie, wat
230 936 1600 995 ben jij een groote meid geworden. Dan zeg ik: "ik kan al jodelen" en
230 1001 1516 1063 dan zegt Papa Guus: "Laat 's hooren". Jemdela-i-é - bemdela-i-a.
262 1070 1174 1125 23 Mrt. alle gereedschappen in moeten leveren
262 1134 752 1187 24 Mrt. 7 alle medicijnen.
230 1200 1556 1266 Gisteren kaars gesmolten, daarin gebakken, stijfsel aangemaakt met
226 1266 1470 1330 water. Smaakte vies, kaars plakte aan je tanden en verhemelte.
224 1338 1528 1399 25 Mrt. Om ± 9 uur invasie van agenten en Kempe Tai mannen. Aller
224 1402 1550 1463 afschuwelijkst. Iedereen saamgedreven op het grasveld. Om vijf uur
224 1468 348 1520 appèl.
224 1537 1552 1599 26 Mrt. Negen uur oefenen voor groote dag, als het hoog bezoek komt
224 1601 1630 1665 (tweede maal) Om ± 3 uur inspectie van hooge Jappen. Er mag geen wasch
224 1667 1552 1731 te drogen hangen, ook mogen er geen angelo's staan. 's Avonds zelf
224 1732 1244 1791 ons eten koken. Dood vermoeiende dag. Weinig water!
220 1801 1586 1865 27 Mrt. Alles ging anders, dan we 't geoefend hadden. 't Geheel viel
220 1866 1646 1931 mee en was ± elf uur afgeloopen. We kregen een toespraak in 't Japansch
