1704 2388
228 459 1592 528 28 Mei 11 Pinksteren. Hoog bezoek - agenten verdwenen, nieuwe bezetting
224 526 1576 594 met houten geweren 12. van 11-12 uur buiten de poort, gras tusschen de
230 605 610 658 steenen weggehaald.
226 662 1618 725 Mieke speelt met Krelis tengo (appèl) - telt in het Japansch en roept
224 728 1578 789 Wackaré. Kiré (buigen) Noré (hoofd op) Wakkaré (naar 't blok) Mieke
228 794 1622 858 speelt met een klein, wit ijsbeertje. Dat is een kindje, een jongetje
228 860 1574 925 en als ik vraag: "Hoe heet hij?" komt er nà eenig zoeken "Edrasje".
248 926 1618 992 4 Juni De nieuwe Japsche kampcommandant is nog niet gearriveerd, maar
232 1009 534 1057 Piet vertrekt"
232 1059 1580 1121 Voor de nieuwe bezetting, die vuile katjongs moeten we ieder moment
240 1126 1596 1193 groeten òf ze nu naar de W.C. gaan of hun bord gaan af spoelen onder
236 1192 1606 1255 de kraan. Honderd maal per dag kleppen ze heen en weer. Ik tracht ze
236 1264 982 1326 niet te zien en dat lukt meestal wel.
236 1323 1564 1395 17 Juni 8 Juni kwamen 250 menschen uit Semarang - kreeg de groeten
238 1391 1542 1457 van Bep Driessen. Op onze kamer 2 menschen er bij. Zr. de Neeff en
236 1453 1582 1521 Mrs. Serry, 90 c.M. ruimte. Grote water trouble-regeling met de pas-
240 1522 1638 1588 toor, die in de pastorie juist buiten het kamp woont en dat veel lager
246 1588 1568 1658 ligt, dus de druk beter. Ben nu inval bij de vleesch ploeg. 30 Mei
246 1655 1626 1725 geholpen bij een bevalling (meisje v.d. Windt) Mieke zal uitgeteekend
244 1731 1050 1789 worden in ruil voor een paar schoentjes.
260 1787 1630 1857 29 Juni. Nieuwe kampcommandant (± een week geleden) Veel voorspellin-
244 1864 890 1926 gen - volgende maand afgeloopen.
246 1922 1630 1990 Ineke Meyer njoost water uit mijn emmer en ik vraag Moeder Meyer haar
