1701 2381
244 454 1594 510 te verbieden. 's Avonds, terwijl ik Mieke naar bed breng, neemt Ma,
244 520 1634 576 Ineke ernstig onderhanden, die hevig snikt. Ik zeg: "Beloof maar, het
244 586 1552 642 niet weer te doen", waarop Mieke zegt: "Moeder, bemoei je er niet
244 661 348 709 mee".
244 707 1592 773 Mieke speelt met de blokjes: "Hier, is de Nip en daar, is de tolk!"
246 784 1598 842 6 Juli. Gisteren koffer onderzoek, allen in de ruimte waar het eten
232 852 1562 912 gedeeld wordt, daarna naar het grasveld en visitatie op body. Jap
248 918 1558 973 dreigt met te straffen met een dag en een nacht blijven zitten en
250 987 1218 1041 daarna een dag geen eten, maar niets uitgevoerd.
250 1051 1602 1105 Hardnekkige geruchten, dat de oorlog is afgeloopen en we over ± een
248 1123 758 1173 week naar Soerabaya gaan.
252 1184 1652 1240 Plotseling 4 Juli, kindje van Asperen overleden, vandaag Hr v.d. Berg.
248 1252 1622 1315 17 Juli. Voor 't eerst sinds langen tijd in den nacht van 15-16 Juli
254 1316 1584 1375 luchtalarm en afgeloopen nacht, alle lichten uit. Zijn gisteren 34
258 1383 1600 1442 briefkaarten binnen gekomen, voor 't eerst ook van krijgsgevangenen
248 1451 1538 1505 "Marine" Djawa N.W. Geruchten legio - de 19de oorlog afgeloopen.
252 1521 1058 1573 Alle waarzegsters en ziensters in actie.
254 1583 1640 1643 18 Juli Niet op tijd voor tengo en moesten een half uur gebogen in de
254 1649 1626 1707 kuil staan. ik piepte er fijn tusschenuit door het wegdragen van een
258 1723 562 1773 flauwgevallene.
256 1781 1606 1837 Mieke is erg pienter. lees Ameliorana en de groene parapluie. Mieke
258 1843 1616 1905 wijst ineens naar een plaatje waarop de broertjes en zusjes "schoen-
258 1912 1562 1972 tjes aanhadden, terwijl het verhaaltje zegt, dat ze niet naar het
