1707 2385
238 451 1122 504 feest kunnen, omdat ze geen schoenen hebben.
242 516 1559 570 Vanmorgen speelt Mieke onder de bamboerekken Vanwege de veel voor-
236 583 1584 637 komende wandluizen, zeg ik: "Niet onder die matrassen spelen, Miek,
240 641 1570 701 ik weet niet wat er inzit", waarop Mieke prompt antwoordt "Kapok!"
240 716 1580 768 Alle twee nachten luchtalarm geweest, veel geschreeuw en de klepons
240 782 1584 836 (Heiho's) in de schuilkelders. Geruchten van landingen. Is 't waar?
246 849 1574 906 (Heiho's zijn de Inlanders, door de Jappen voor de ruil 13, dienst op-
236 917 1588 973 geleid. Wij noemen ze klepons, dat is een scheldnaam. Klepon is een
240 983 1554 1035 inlandsche lekkernij, soort koekje van binnen bruin en van buiten
242 1050 1244 1107 groenachtig, vandaar de vergelijkende scheldnaam.)
244 1118 1574 1171 25 Juli 5 jaar getrouwd, waarvan 2½ jaar echt en 2½ jaar huwelijk
242 1183 1530 1237 belazer. Van geweekte sneedjesbrood, pudding gemaakt, een blikje
242 1249 1606 1301 soep verdund met water en vermeerderd met Nipponslijm. Diner rijste-
240 1314 1620 1370 brij en daarvan extra - hoera! - 5 uurtje - iets buitewoons extra-ke-
248 1380 1574 1434 tella met klapper. Dan zijn er 5 zakken suiker binnen gekomen, dus
242 1449 990 1501 het geheel is weer wat opgevroolijkt.
222 1513 1594 1569 Rosalie, een Inlandsche, die om haar dochter, die Indo is en klein
240 1582 1550 1632 kind, mee het kamp is in gegaan, wordt wordt bij de Jap geroepen.
248 1646 1586 1698 "Boleh poelang" (mag naar huis) zegt iè, "Tida maoe", zegt Rosalie.
258 1710 1632 1766 "Koerang tiga minggoe semoea boleh keloear". (Binnen drie weken mogen
246 1782 648 1836 jullie allen eruit.)
242 1845 1608 1903 8 Aug. Mieke met een pijnlijk gezicht en rechter hand in haar zijde.
240 1911 1518 1967 Ik heb zoo'n pijn in mijn "huppel" Voor ƒ 600 pepermunt gekomen
