1699 2386
240 449 1668 521 (ieder 18 rollen) Andere kampen voor ƒ 5400- pepermunt cadeau gedaan!!!!
232 516 1668 593 13 Augustus Vrijdagavond ± 9 uur allen opgeschrikt door het overlijdens-
242 584 1604 653 bericht van Mevr. Gooszens (oud 29 jaar - 3 kinderen 3-4-5j en vrouw
240 652 1586 720 van Dr Gooszens) Drie dagen ziek geweest dyphterie. (was voorspeld)
242 717 1650 787 Gisteren morgen begraven - kist door alle dokters vrouwen gedragen tot
244 785 1644 853 de poort - de Boer - Fooy - Hasselbach - Noordhoek Hegt - Meyer - v.d.
240 850 1568 920 Schaar - Venhuis. De nippen stom vervelend. Indo's en getrouwd met
242 924 1048 988 Indo's weer registreeren. Gaan ze eruit?
242 988 1472 1053 Bridgen verboden - poppenkast voor de kinderen vanmorgen ook.
346 1052 1594 1119 Mieke spreekt vreeselijk Amsterdamsch en Papa Guus spreekt zóo
252 1119 1598 1185 keurig en ik hoopte, dat je net zoo zou spreken als hij. Je hebt nu
248 1179 1650 1251 een groote interesse voor afmetingen, b.v. in je prenteboek een close-
248 1247 1616 1319 up van een Ma Poes, zeg je: "Waarom is ze hier zóo groot en dàar zoo
248 1313 1640 1383 klein". Als je de eend Duckey Waddle ziet, die naar huis gaat, dat in
248 1385 1552 1446 de verte ligt en moeder gans die voor de deur staat - dan zeg je:
254 1451 1598 1512 "Hoe kan hij nou in dat kleine huisje door dat kleine deurtje en de
254 1522 986 1582 mammie is veel kleiner dan het kind".
252 1581 1616 1651 19 Aug. Nog steeds registreeren van Indo's en met Indo's getrouwden.
258 1649 1642 1713 Wordt gezegd, dat ze naar huis mogen, worden hun vijf vragen gesteld,
264 1726 838 1784 waar ze op moeten antwoorden.
266 1785 1378 1849 1e Wat denkt U van de houding van Nippon in deze oorlog?
262 1851 1206 1915 2de Wat gebeurt met Azië, als Amerika overwint?
256 1916 1348 1982 3de Wat verlangt God het meest van U op dit oogenblik?
