1706 2383
221 459 935 513 4de Waar verlangt U het meeste naar.
219 521 1441 586 5de Wat zullen Uw gevoelens zijn, als U buiten het kamp gaat.
213 585 1533 648 Mieke moet baba doen. Ga met de pôo naar buiten op het gras. "Nee"
221 654 1401 716 zegt Mieke, want als er Nip langs komt, kan ik niet buigen.
217 716 1549 780 Sonja Jepse komt de zaal binnen en Mieke zegt, dat is een matrozen
221 782 1629 850 mevrouw. Ik begrijp er niets van - tot ik plotseling een gelijkenis
221 850 1551 914 ontdek, tusschen Sonja en de zoon van vrouw Poppet, de matroos uit
227 928 847 977 "Ameliorana als koop vrouwtje".
221 981 1591 1051 29 Augustus.Gisteren eenige malen tengo gebeld. We moesten dan in de
225 1045 1623 1115 kuil in de felle zon staan te wachten tot een smokkelaarster zich aan-
225 1114 1591 1180 meldde. We zouden geen eten krijgen, alleen de kinderen tot 11 jaar.
227 1180 1575 1246 Eindelijk om ± 5 uur kregen we toch nog.Mieke klaagde over keel- en
231 1250 1611 1312 oorpijn en had geen zin in de avond pap, en toen ik aandrong, zei ze:
233 1316 1599 1374 "Dat is zoo beroerd voor mijn keel". Vanmorgen komt ze met een vieze
231 1377 1653 1449 neus: "Zal ik ém maar ophalen? anders moet je hem zoo dikwijls snuiten!"
229 1446 1589 1517 5 Sept  1 M lang - 25 pond. Mieke vraagt: "Mag ik dat blikje uitlik-
229 1522 1135 1577 ken, Mamske? Ik ben toch van jullie kongsie".
229 1577 1629 1652 7 Sept. Op kantoor van de Nip geroepen, met nog 9 andere dames. Aller-
235 1645 1595 1712 lei aangeteekend. (Nr - zaal - kind en Soerabaya) Waarom? Transport?
235 1729 439 1778 Masonerie?
233 1779 1607 1844 Nip kwam over het tengo., moeten nu dagelijks in de brandende zon in
241 1850 1037 1910 de kuil staan.Vreeselijk en zoo stoffig.
235 1909 1611 1983 12 Sept Zondag 10 Sept. geen brood binnen. Vandaag bericht, dat alle
