1704 2385
246 451 1610 504 grootere jongens weg moeten naar kamp 8. In de kampkrant staat niets
244 517 1582 570 byzonders - heb het gevoel, dat het nog wel jaren kan duren - toch
244 586 1532 639 gerucht van transport naar Soerabaya. Mag van 6-9 uur gebridged.
246 652 1638 705 14 Sept. Komen vrouwen bij - alles moet inschikken Toch geruchten dat
244 720 1598 769 we weggaan. Ik was moe, lag op bed, Mieke komt binnen: "Heb je iets
246 784 1648 835 Mams? Wat is er? Ben je een beetje ziek?" Toen ik ontkennend antwoord-
248 845 994 899 de: "Ben je soms een beetje beroerd?"
246 919 1650 968 18 Sept. Een afschuwelijke dag. Vanavond om half acht had ik de eerste
246 985 1598 1032 druppel water en konden we eindelijk mandieën. De water situatie is
244 1048 1554 1102 vreeselijk de laatste dagen. Omdat er geen hout is, wordt er geen
246 1115 1612 1167 koffie 's morgens verstrekt en krijgen we den heelen morgen niets te
240 1181 1670 1233 drinken. In dagen heb ik al niet kunnen wasschen. Mijn handdoek stinkt.
242 1247 1630 1297 De Plum pudding en de lange Luit (2 Jappen van het hoofdkwartier kwa-
242 1314 1598 1368 men vanmiddag en gingen tekeer over de stof en de droogte. Dadelijk
244 1382 1614 1433 is de kali van buiten af af gedamd en loopt onze kuil vol met water.
246 1448 1594 1503 We mogen nu om half zes op het gras tengo houden. Zaterdag 16 Sept.
244 1514 1652 1566 Guus' portret met bloemen. Mieke zong: "Lang zal hij leven", maar nare
240 1580 1578 1636 dag. De jongens moesten weg en er kwamen meteen vrouwen van kamp 8
244 1648 390 1698 binnen.
218 1713 1558 1768 We mogen briefkaarten schrijven, drie voorgeschreven zinnen en 20
250 1777 1594 1834 vrije woorden. We mogen niets over het kamp schrijven - niet dat de
244 1847 1570 1899 jongens weg zijn - niet hoelang we hier zijn - geen plaats van af-
246 1914 790 1963 zending. We zijn Djawa C.P.
