1713 2385
212 469 1548 524 21 Sept. Nà het appèl van 10 uur mochten we niet weg, maar moesten
212 534 1602 584 alleen blok vòor blok in de kuil ploegen. Wij (blok twee) van elf-één
218 598 1534 652 uur. Daarna mochten we eten en moesten blok 3-4-5 terug komen. 'k
222 664 1616 718 Voelde me ellendig, had een huilbui. Gelukkig bedekte lucht vanmiddag.
216 730 1528 788 22 Sept. Vannacht van 1-2. Fesimbang, was luchtalarm. Asano (onze
218 796 1648 852 kamp com.) zei gisteren: "Saja ini hari tida prang, saja andjing" () Deze
216 859 1606 917 dag ben ik geen mensch, ben ik een hond) Hij en de twee Jappen solda-
220 929 1586 985 ten "Klaas en de Bolle" hebben als gekken boomen omgehakt. Laaten ze
218 996 1610 1049 hun woede maar liever meer op de boomen, dan op ons koelen. Ze zeiden
224 1063 1604 1118 o.a.: "Djerman soeda, en maakten gebaar van kop afhakken. Zou 't waar
216 1132 788 1186 zijn? Is Duitschl. gevallen?
216 1198 1606 1256 30 Sept. Rotdag. kwart vòor tien - bel geluid allen toegesproken door
216 1265 1610 1316 Asano. 't Duurde bijna drie uur, maar ze herhalen zoo vaak, dat alles
216 1328 1644 1386 saam gevat in drie minuten klaar zou zijn. Zijn rede werd vertaald door
588 1394 1628 1452 de tolk Mevr. van geboorte een Russin, met Hollander getrouwd
220 1461 1550 1519 in Hong Kong gewoond. Ze sprak goed Engelsch en gebrekkig Hollandsch.
220 1527 1570 1585 Jullie niet doen, wat ik zeg. Ik zeg "schoenen uit" met padtjollen.
220 1593 1608 1649 Jullie allemaal tegenspreken en niet doen, daarom ik boos. Jullie als
224 1659 1546 1715 honden, poezen en andere animals. Menschen begrijpen, dieren niet.
220 1725 1558 1781 Weten jullie, hòe Japanners geïnterneerd in Amerika? Zij moeten in
228 1793 1628 1849 eigen voedsel voorzien en dan planten ze nog bloemen om die gekke Ame-
228 1858 1614 1915 rikanen blij te maken. Amerika al drie jaar lang zegt: "Ik kom" en nu
224 1923 1628 1982 zijn ze er nog niet, Alleen maar kletsen. Jullie hebben geen land meer
