1703 2383
245 453 1651 517 en menschen zonder land zijn geen menschen. Jullie zijn honden, Jullie
243 521 1611 583 komen hier niet meer weg - jullie blijven hier tot je dood. Als wij
243 587 1651 652 geïnterneerd worden, dan durven we niet meer terug naar ons land - dan
243 654 1645 716 gaan we dood. Als er 100 menschen doodgaan, is dat voor een kamp veel,
241 720 1595 780 maar voor een oorlog weinig. Als jij wil werken jij ook mag eten en
247 783 1613 847 als jij niet werken wil, jij ook maar niet eten. Moet jij maar dood-
251 855 1271 919 gaan. God zegt ook "Wie niet werkt - ook niet eet.
243 921 1569 984 5 Oct. Water steeds vreeselijk - 2 uur per dag pad jollen - brief-
243 997 613 1046 kaarten verzonden.
243 1053 1673 1120 16 Oct. Sinds een dag of vier liggen we op 60 c.M. 't Is verschrikkelijk
251 1121 1639 1180 In onze zaal van 10 M. bij 7 M. liggen nu 38 menschen. Mieke gisteren
253 1185 1545 1249 en vandaag hoog koorts over de 39º - heeft water pokken en hoest
257 1266 475 1314 vreeselijk.
251 1322 1619 1387 17 Oct. Mieke flink ziek, reageert bijna niet op acetosal.Den heelen
251 1390 1581 1447 dag 391- Water toestand erg slecht- den heelen dag geen druppel ge-
251 1469 379 1513 kregen
271 1527 1059 1575 's avonds ± 10 uur baby Plomp overleden.
257 1584 1563 1650 18 Oct. Mieke van Bruintje Beer voor gelezen: "Eén van de jongens
261 1648 1547 1712 roept" lees ik, maar Mieke verbetert "twee jongens", want op het
261 1720 1285 1780 plaatje staan inderdaad twee jongetjes, die wenken.
259 1783 1647 1842 Mieke had een onrustige nacht, begon met 39.1 van morgen. Hoog bezoek
263 1862 445 1912 verwacht.
261 1921 1183 1976 Begrafenis van baby Plomp-Hoog bezoek ± 5 uur.
