1706 2384
222 447 1560 505 23 Oct. Sinds twee dagen Mieke weer beter. Ze is erg afgevallen en
232 511 1570 567 bleek. Allemaal om half elf op het gras veld achter de kliniek ver-
228 579 1572 636 zamelen. Toen we niet hard genoeg liepen, gooide Azano naar ons met
232 649 952 701 een pad14jol en met steenen. De Held!
226 713 1616 765 We hebben twee en een half uur in de zon gestaan en naar zijn geklets
228 781 1602 835 moeten luisteren. Hij was woedend - We hadden niet diep genoeg gepad-
218 845 1580 906 tjold. We zouden weer geen eten krijgen en als de zieken dood gingen
230 911 1632 968 was dat niet erg, dan kregen we meer ruimte. Hij herhaalde en herhaal-
228 979 1576 1036 de, totdat hij het laatste half uur aardige dingen begon te zeggen.
230 1046 1622 1102 o.a. Als jullie misschien in December nog hier zijn, moeten jullie in
232 1112 1558 1170 eigen voedsel voorzien. Jullie krijgen van alles minder, groenten,
236 1177 1600 1233 vruchten enz. en dat wordt nog erger, want er komen meer soldaten en
226 1243 1640 1299 het voedsel wordt niet meer, moet dus over veel meer menschen verdeeld
230 1308 1592 1366 worden. Als de oorlog, die zich nu zeer toespitst over 15 maanden afge-
230 1376 1576 1433 loopen is, ........ China heeft de oorlog nooit kunnen winnen, daar
232 1443 1580 1497 heerscht verdeeldheid, daar zijn vier partijen. In Amerika, was het
236 1509 1496 1565 ook zóo, maar daar hebben ze het ingezien en zijn ze allen één.
230 1575 1628 1637 6 November. Mieke ziek geweest, steeds braken - hield zelfs geen drup-
234 1641 1560 1702 pel water in. Ik zelf weer eens koorts dag gehad. Goede berichten.
232 1715 936 1767 Nieuwe menschen komen over 9 dagen.
232 1779 1542 1838 13 November. Mop is jarig. Ik doe een chinine kuur ben erg moe en
234 1845 1542 1896 slap. Mieke weer beter. Gisteren had Mieke een groote stop naald,
234 1907 1578 1966 waar ze een draad doorpeuterde en een klein lapje, daarvan wilde ze
