1700 2381
250 451 1658 503 een kussentje voor Krelis maken. Toen ze 2 kanten dichtgenaaid had zei
244 517 1638 567 ze "Nu moet er eerst kapok in". Ik deed er wat snipperlapjes in en je
244 585 934 635 naaide de derde kant keurig dicht.
250 649 1602 701 In de kuil bij blok I staat een rek met zweefstok en boven aan zijn
248 717 1518 767 haken, waar vroeger waarschijnlijk een schommel heeft gehangen.
242 783 1578 833 Een jongen zit op die rek16stok en Mieke is één en al interesse. Ze
244 850 1632 904 heeft een heel verhaal en zegt, o.a. "Als ik groot ben, kan ik heele-
244 918 872 970 maal aan die Simpeltjes hangen.
250 984 1614 1036 Geruchten optimistisch. Bandoengsche mannen gezien in de buurt. Kle-
250 1051 1582 1105 pons moeten mee vechten met Nippon, als de 27ste op Java gevochten
248 1117 1638 1169 wordt. Klaas is al een paar dagen weg en de lange Luit vervangen door
248 1184 1658 1238 een landbouw kundig ing. Daar door Zaterdag hoog bezoek gehad. Zondag,
256 1250 1626 1302 bezoek van de plaatsvervanger van de Plum pudding gehad. Voor morgen
252 1316 1666 1368 weer hoog bezoek aangekondigd. Zaterdag morgen de 18de om 5 uur 's mor-
240 1383 1626 1439 gens worden 300 nieuwe menschen verwacht en de 23ste nog 50 menschen
252 1454 510 1503 uit Bandoeng.
248 1511 1594 1565 Zijn erg veel zieken. Dikke beenen met roode vlekken - dysenterie -
254 1580 1624 1632 dyphterie met paralysen. kinkhoest, vreeselijk met gesprongen aderen
254 1646 1562 1700 in de oogen en de omgeving van 't oog. - malaria en bij dit alles
260 1716 778 1768 practisch geen medicijnen.
248 1780 1578 1832 Het mooiste aan jou is en blijven, je handen. en de mooie beweging
254 1843 1618 1900 ervan. Verschillende menschen hebben er al iets over gezegd. De vin-
250 1909 1600 1972 gers zijn lang en spits toeloopend. Je hebt soms erg eigewijze hou-
