1707 2384
228 458 1586 526 dingen. Soms zit je op de plank met opgetrokken knieën en je handen
234 539 798 597 gevouwen erom heen geslagen.
234 599 1042 661 Soms ook met overelkaar geslagen beenen.
234 658 1570 731 23 Nov.18] Zaterdag 18 Nov. was ik om 4 uur op, voor de ontvangst van
234 724 1624 793 nieuwe menschen, die pas om 7 uur kwamen. 250 man sterk en van morgen
236 786 1648 858 zijn er weer 200 gekomen. De eetkamer en het toneel zijn dicht gemaakt
244 855 1590 926 en als slaapruimte in gericht. Alles ligt nu op 55 c.M. Toestand is
242 931 1082 994 vreeselijk. De berichten zijn echter goed.
232 990 1600 1060 Heel Bandoeng is leeg - ook van mannen. Kamp Thailand is in de omge-
228 1059 1268 1128 ving van Batavia 27ste loopt een ultimatum af (???)
240 1122 1592 1194 Mieke heeft geen idée van een gewoon huishouden. Ze vroeg b.v. toen
246 1189 1612 1257 ik over een dag in ons eigen huis praatte: "En waar gaan we dan eten
240 1273 386 1325 halen?"
246 1324 1590 1397 3 Dec. Azano gaat weg en de sprietenpiet komt weer terug. De regens
244 1388 1576 1459 zijn door gekomen dus met het water, gaat het wel weer. 't Was ook
244 1454 1600 1529 te wanhopig. De berichten over Holland zijn vreeselijk. Alle mannen
252 1522 1582 1589 tusschen 20-40 jaar zijn weg. Bij Arnhem wordt erg gevochten en is
258 1585 1658 1657 veel gebombardeerd. 1500 parachutisten zijn omgekomen, omdat het leger
252 1653 1520 1721 te laat was. Zeeland staat volkomen onder water. Burger oorlog.
350 1718 1614 1788 De stemming is down. Gisteren is er een geweldige brood-rel ge-
252 1784 1622 1854 weest. Bijna geen stook materiaal. 1 x 's morgens warm water òf soep
256 1850 1590 1922 òf natte rijst - 2 x geen brood gehad. Alles somber en naar. Mieke
252 1926 1040 1988 heeft maden - geen eetlust en buikpijn.
