1707 2386
348 460 1576 514 Ik maak van oude lappen een popje voor St. Nic., maar kan het
248 531 1578 577 niet weghouden. Mieke heeft het al een zelf gedachte naam gegeven:
252 588 432 639 "Brokje".
254 658 1622 711 5 Dec. Gisteravond Anneke Ram oud 17 jaar gestorven aan dyphterie en
248 725 1618 779 tegen vier uur vanmorgen Mevr. Heeringa. Beiden om ± 1 uur begraven.
250 789 1562 841 Dat is altijd zeer plechtig. Mevr. H. met een zwart kleed en veel
248 856 1614 908 paarse bloemen en Anneke met een wit kleed en veel gele bloemen. Me-
250 922 1634 976 vrouw Haverkamp maakte twee mooie eenvoudige kruizen van hout met hun
250 989 1092 1039 namen erin gebrand resp. in zwart en geel.
252 1058 1616 1106 13 Dec. Ik ben zaalleidster geworden. Mieke zei 's avonds: "Ga ik wel
250 1117 654 1169 eens naar de hemel?"
254 1186 1658 1240 "Ja, later" antwoordde ik "Ben jij er dan ook?" Mieke weer. En toen ik
248 1254 1632 1308 bevestigend antwoordde zei ze op overredende toon: "Zullen we dan al-
250 1322 1576 1376 leen maar even op visite gaan, hè! En later: "Kom je bij me op m'n
244 1390 1648 1440 kussen liggen, ik ben een beetje bang". Toen ik na een poosje weer te-
246 1455 1652 1513 rug ging met m'n hoofd: "Mammie, als je nou niet luistert, wat ik zeg,
244 1524 1614 1575 dan zal ik maar een andere moeder zoeken en dan moet jij maar alleen
248 1590 1548 1639 blijven, nou, en dat vind je toch niet leuk, hè! Dan neem ik maar
250 1654 1596 1707 Tante Greet Vigeleyn en dan heeft ze drie kindertjes en dan telt ze
246 1722 1048 1771 met Mariette en Peggy één - twee - drie.
246 1786 1630 1837 14 December Drie Hollandsche mannen in het kamp geweest om de schoor-
244 1852 1614 1904 steen van de keuken te repareeren. Eéen, Ir. Klepper, kon zijn vrouw
252 1919 1412 1972 en kind omhelzen, die juist uit Bandoeng aangekomen waren.
