1705 2383
235 469 1545 534 1 Januari 1945. De kerstdagen zijn voorbijgegaan en meegevallen.
223 537 1597 596 'k Had mooie goede dagen. 24 Dec. 's avonds was het feest voor de
245 604 1605 660 kinderen op de kamer. Op de plaats van Griet stonden een paar denne-
247 670 1593 724 takken in een blikje met watten, oorbellen, arm banden enz. enz. op
245 737 1605 794 getuigd. We mochten van de Jap zelfs geen namaak hulsttakjes dragen,
243 803 1553 856 alleen voor de kinderen wat dennetakken, niet grooter dan 20 c.M.
243 865 1611 925 Griet las het Kerstverhaal uit de kleuter bijbel en daarna staken we
249 933 1571 990 vier (clandestiene) kaarsen aan, deden even het licht uit en Mevr.
243 999 1635 1056 Hillen droeg voor: "Moeder steekt de kerstboom aan". Daarna zongen de
245 1064 1633 1122 kinderen (Mieke deed mee met  "O Denneboom") 25 Dec. hadden we in één
247 1129 1633 1189 van de barakken achter bij de kliniek, bijgenaamd "De loods" om 4 uur
253 1197 1575 1257 een bijeenkomst geleid door Cap. Kreikamp van het L. d. H. Ik zong
251 1265 1573 1323 mee in een dubbel kwartet. 's Avonds droeg Mevr. Hillen iets voor.
347 1329 1589 1389 Mieke's verjaardag verliep ook heel goed, hoewel ze de dag te-
255 1397 1561 1455 voren 38.8 had en vervolgens Dr Vonk een basi19laire dysenterie. Ze
251 1464 1581 1522 zat op haar matrasje met een mooie flan. pyama (E. Baay) en nieuwe
251 1531 1581 1588 strikjes (Miep en Rietje) Van mij kreeg ze een lange broek, die ik
255 1595 1599 1655 uit één van mij zelf maakte en een koffertje voor Brokje. Tante Mia
251 1661 1537 1721 Diephuis maakte een poppenbank en Mevr. Peelen een schemerlamp -
251 1725 1557 1787 Fam. Heide - een blouse de Weert - een rokje. Zr de Way een over-
253 1794 1577 1856 gooier - Zr. Streefkerk - een pop. Tante Cissy - een taschje - een
259 1860 1561 1918 eet-set van Tante Griet - poppen kleeren van Suze Rijk - kalender
257 1930 1015 1987 van Neeff en teekening van Ietje Dijk.
263 2164 1531 2221 'k Had er erg tegenop gezien, maar het waren mooie-goede dagen
