1705 2383
253 459 1557 511 Oudejaars avond (1944) droeg Mevr. Hillen iets voor (oude j. 1564
249 525 1581 577 W. v. Oranje) en kregen we koffie Nieuwjaars morgen was een dienst
251 591 1617 645 door Zr Schuurmans begeleid door zang van Mevr. Huson. Nieuwjaarsdag
253 655 1639 711 vol goede moed begonnen. 2 landingen op Madoera gelukt. Holland sinds
257 723 1561 779 17 dagen vrij (half millioen dooden.) 's Nachts erg veel en zwaar
251 791 1541 846 geryij, iedereen werd er wakker van. Weinig Japs in Ambarawa en de
247 860 1181 908 Kamppa laat zich weinig zien en is erg soepel.
251 926 755 976 Je bent 1 M 2 c.M. lang.
253 991 1635 1046 2 Januarie (1945) Emmy Baay zegt: "Wat zal Papa Guus verdrietig zijn,
253 1057 1563 1108 dat hij nu niet bij jullie is." Mieke: "Nee, heelemaal niet, want
253 1122 1659 1176 hij woont in een groot kamp met al zijn vriendjes. Ik had een prettige
251 1189 1595 1240 dag en toch nog cadeaux ook. Een schort, ontworpen door Cissy - ge-
251 1255 1583 1309 maakt door Mia - een enveloppe combination van Neeff. - een bamboe
253 1321 1565 1377 hanger van Fuss (Mrs. Serry) - avondtaschje - Audry Boom - Sieber
263 1387 1617 1441 Pratt. - zeep - Emmy - shawl, Jopie en Ella - 4 geroosterde sneedjes
261 1458 901 1508 brood met suiker van Ietje Dijk.
255 1516 1619 1572 We hadden om half elf op 't gras onder de boom een instuif, koffie +
263 1588 1599 1643 ½ koekje met koffie klop erop. Terwijl we allen zoo gezellig zaten,
257 1650 1641 1703 kwam Mieke achter me staan met de pô in beide handen: "Ik moet ba-ba-
255 1720 565 1769 doen!" Tableau!
275 1784 1543 1834 's Avonds droeg Mevr. Hillen eenige gedichten over Holland voor,
261 1849 963 1905 waarmee de dag reuze prettig sloot.
259 1915 1627 1977 6 Januari Ik zeg tegen Mieke: "Tante Tonny is jarig in Holland. Weet
