1709 2384
242 455 1604 508 je bij wien Tante Ton woont?" "Bij Omy en Grootvader", zegt Miek. De
242 521 1610 568 avond van 4 Jan. waas zeer sensationeel Toen we eten haalden ± 7 uur
236 585 1608 639 hoorden we dichtbij schieten buiten het kamp. Later kregen we order,
238 651 1592 701 dat we in de kamers moeten blijven. 5 Jan. was alles gewoon, alleen
242 720 1546 768 veel geruchten: o.a. Chineese parachutisten geland in Salatiga.
248 783 1554 835 's Avonds begon het schieten opnieuw. Nippons in volle uitrusting
240 849 1634 901 liepen rond, alle lichten moesten uit. Om ± 1 uur 's nachts weer drie
240 921 564 969 schoten gehoord.
344 983 1554 1035 Vanmorgen geen gymnastiek buiten de poort en niet achter het
244 1051 1330 1101 kamp in de tuin werken. Hoera! begint het eindelijk???
216 1117 1634 1173 8 Jan. Oorlog midden Java over? Wappert geen vlag van de Tangsie, als
240 1185 1584 1241 gewoonlijk op de 8ste van iederen maand om de val van Pearl Harbour
244 1251 1602 1303 te vieren. 6 Jan. 's avonds groote sensatie. Om + 9 uur kwamen onge-
240 1317 1614 1369 veer dertig Nippen in het kamp. Zes gingen in kamer G van ons blok II
240 1385 1572 1437 en verkleedden er zich in dames kimono's en deden drie hoek lapjes
244 1449 1632 1501 om het hoofd en bleven verder in de kamer. Ieder uur van de nacht heb
246 1515 1648 1567 ik hooren slaan, eenige Jappen zaten precies vòor onze kamer luidkeels
244 1579 1606 1633 te kletsen. Nà vier uur mocht door de dames geen wacht geloopen wor-
240 1641 1568 1699 den en niet naar de W.C. gegaan. 's Morgens vertrokken de "helden"
244 1711 1590 1766 weer. 7 Jan. Zondag. Er hing een "wachten" in de lucht. Het kantoor
240 1777 1558 1831 werd dichtgespijkerd en de ramen van Blok I, die naar buiten uit
214 1844 1608 1897 keken ook. (De avond van het schieten moet één van onze Japsche sol-
242 1911 1612 1965 daten bijgenaamd "de Bolle" over de omheining springende in het kamp
