1705 2385
244 471 1578 523 gekomen zijn met een bloedende hand!) Om half vier moesten 5 wacht
254 536 1654 588 posten in het kamp, door dames bezet worden. Ik deed met Mevr. Venhuis
248 604 1614 658 van 4.50 - 5.50. We moesten rapporteeren, wanneer we andere personen
244 670 1628 724 dan Heiho's of agenten zagen Buiten het gedek (langs het Suez kanaal)
244 736 1650 788 stonden op eenige meters afstand van elkaar Indische jongens in shorts
244 802 1628 858 en kakie hemden met platte politie petten op en geweer in de aanslag.
256 869 1614 924 's Avonds 8 uur zouden instructies gegeven worden over de Fesimbang,
240 937 1614 984 maar er kwam niets. Alles bleef rustig. Van morgen ben ik de vuilnis
244 1002 1570 1053 bak gaan leegen, buiten de poort. Alles zag er heel rustig uit. De
244 1067 1608 1117 school, naast ons kamp, was aan. De onderwijzer hield een toespraak.
246 1132 1572 1186 Houding van de Heiho's vrij en onverschillig tegen Nippon, beleefd
250 1200 1630 1254 tegen ons. Heiho's kwamen met Nakamatzed20 (onze kampcom.) overal onder
246 1266 1558 1322 de britsen zoeken. "Tjari Orang" (zoeken menschen) zeiden ze op de
246 1335 1590 1385 veele vragen. 't Verhaal gaat, dat Coreanen in opstand kwamen, ont-
246 1401 1642 1451 vluchten en nog eenig- niet gevonden zijn. Vannacht brandde de straat-
248 1467 1604 1522 verlichting en ook de tangsie was vol licht - alleen wij in het don-
244 1535 326 1586 ker.
244 1605 1592 1656 9 Jan. Kort nà het kamer onderzoek gisteren morgen werd hoog bezoek
244 1671 1592 1716 aangekondigd. Vier man kwamen niet verder, dan het kantoor en namen
224 1735 1558 1785 Nakamatzu mee (hij had vlg zeggen geen distinctieven meer op) is
244 1801 1632 1849 sinds dien niet meer geweest. Zijn eten wordt wel op geregelde tijden
244 1867 774 1917 door een djongos gebracht.
342 1932 1528 1986 Even later kwam een lange Europeesch uitziende Jap met Mej.
