1705 2383
243 461 1629 515 Ongerboer en Mevr. H21auterbach rond en heeft daarna ± 1 uur in 't kan-
247 529 1551 581 toor met ze zitten kletsen (Engelsch verbindingsofficier???) Mej.
243 595 1555 647 Ongerboer kwam later langs de zalen zeggen, dat er niets was. Die
247 661 1557 715 officier had gevraagd, wat er deze dagen allemaal gebeurd was. De
247 727 1655 781 lichten zijn 's avonds weer gewoon aan en alles is rustig. Ik liep van
253 795 973 849 1-2 uur Fesimbang, niets bijzonders.
247 857 1629 913 Geruchten: De Bolle (Koreaan?) dood - door kieren van dichtgespijker-
243 925 1573 979 de ramen van Blok I twee lijkkisten binnen zien brengen in kantoor
251 998 453 1049 op Zondag.
349 1056 1637 1115 Shiba (Jap. van hoofdkwartier) vanmorgen even geweest met andere
253 1125 1535 1183 off. We hebben verder geen taiso - geen tuindienst - houding van
243 1195 913 1249 Heiho's beleefd en onverschillig.
251 1262 1623 1321 10 Jan. Gisterenavond even nà 10 uur vier schoten en auto hooren rij-
249 1331 1541 1381 den, verder niets. Vanmorgen met de vuilnisbak leegen stonden de
227 1395 1573 1455 Heiho's op wacht. Zonder geweer. Ook bij de aflospost stonden geen
255 1462 1573 1524 geweeren in het rek. Om drie uur kwamen 5 mensch. uit kamp 7, dàar
253 1528 1581 1588 komen nu mannen uit Tjimahi en Semarang. Alles kleine jongens boven
227 1592 1601 1657 de 10 jaar moeten morgen om 1 uur weg. Moeders verdrietig Nakamatzu
251 1671 431 1723 is terug.
251 1726 1537 1792 11 Jan 12 uur hoorde de jongens, dat het 2 dagen is uitgesteld.
251 1793 1575 1857 17 Jan. Gisteren drie uur de jongens vertrokken. Nakamatzu is ver-
251 1861 1595 1915 dwenen. We hebben nu alleen soldaten en Orata van het hoofdkwartier
251 1920 1637 1985 heeft de super visie. Er is een honger periode. Het smokkelen (gedek-
