1711 2387
253 465 635 514 ken) f23iert hoogtij.
251 529 1545 579 Geruchten: uit een vrachtauto moet door mannen geroepen zijn: "18
253 594 401 647 Febr.")
247 665 1655 712 20 Jan. Ik zit dicht bij Mieke met druppels van de regen op m'n haren:
251 726 1457 773 "Mama, wat "ris peer" je toch, je haren zijn heelemaal nat".
247 793 1541 845 Even later een bravour verhaal over een Nippon die haar wou dood
255 862 1637 912 schieten, maar het niet kon, omdat hij een houten geweer had. Ik ging
255 928 1561 978 weer lezen en zij lag stil. Na vijf min. "Mama waarom heeft Onze
251 993 1635 1045 lieve Heer toch Nippons met houten geweren gemaakt?" NIeuwste geruch-
251 1065 1581 1116 ten: Oorlog over - tusschen regering in Semarang ...?.... onderweg
255 1128 1641 1181 van Nieuw Guy24nea om bestuur over te nemen - vrouwen terug naar stand-
255 1199 437 1251 plaatsen.
251 1263 975 1315 28 Januari   Zondag morgen 8.50 uur.
243 1395 1565 1448 ===============================
251 1460 1665 1512 Geronk - zwaar geronk - 1 water vliegtuig. Ik ben de zaal aan het
255 1529 757 1581 dweilen en dweil rustig door. Gejuich - loeiend. Ik vlieg naar buiten -
355 1591 1629 1645 overal huilende menschen.
251 1660 1671 1712 Tegen de Merbaboe zie ik een vliegtuig - Het draait - en
255 1726 1625 1776 komt, heel laag, weer over. Rood - wit en blauw - ik zie het duidelijk.
251 1792 1625 1844 Onze vlag - ons vliegtuig! De tranen stroomen uit mijn oogen. Iemand
259 1858 1609 1909 naast me grijpt m'n arm en snikt met haar hoofd op mijn schouder. Ik
255 1922 1649 1977 zeg: "Ja stil maar, 't is heusch waar". Mieke trekt, nerveus van al dat gedoe, aan mijn rok. Ik til haar op, De klok slaat 9 uur. Ik loop
