<?xml version="1.0" encoding="UTF-8" standalone="yes"?>
<PcGts xmlns="http://schema.primaresearch.org/PAGE/gts/pagecontent/2013-07-15" xmlns:xsi="http://www.w3.org/2001/XMLSchema-instance" xsi:schemaLocation="http://schema.primaresearch.org/PAGE/gts/pagecontent/2013-07-15 http://schema.primaresearch.org/PAGE/gts/pagecontent/2013-07-15/pagecontent.xsd">
    <Metadata>
        <Creator>Transkribus</Creator>
        <Created>2024-10-04T16:38:49.618+02:00</Created>
        <LastChange>2024-10-11T15:40:22.249+02:00</LastChange>
        <TranskribusMetadata docId="4508828" pageId="79709902" pageNr="35" tsid="193088126" status="IN_PROGRESS" userId="145668" imgUrl="https://files.transkribus.eu/Get?id=QCTFMQBJDNDKMPRVUFREBDIQ&amp;fileType=view" xmlUrl="https://files.transkribus.eu/Get?id=NHEBKDGRYHEVBFDSCHBEHMKZ" imageId="65103553"/>
    </Metadata>
    <Page imageFilename="0035_NL-AsdNIOD_401_0161_0036.jpg" imageWidth="1707" imageHeight="2385">
        <ReadingOrder>
            <OrderedGroup id="ro_1729171049468" caption="Regions reading order">
                <RegionRefIndexed index="0" regionRef="tr_1"/>
            </OrderedGroup>
        </ReadingOrder>
        <TextRegion orientation="0.0" id="tr_1" custom="readingOrder {index:0;}">
            <Coords points="208,353 208,2008 1642,2008 1642,353"/>
            <TextLine id="tr_1_tl_1" custom="readingOrder {index:0;}">
                <Coords points="830,402 862,402 894,402 894,353 862,353 830,353"/>
                <Baseline points="830,386 862,386 894,386"/>
            </TextLine>
            <TextLine id="tr_1_tl_2" custom="readingOrder {index:1;}">
                <Coords points="208,538 276,536 345,536 414,536 483,534 552,534 620,532 689,532 758,530 827,530 896,530 964,528 1033,526 1102,526 1171,524 1240,524 1308,524 1377,522 1446,522 1515,521 1584,522 1584,474 1515,473 1446,474 1377,474 1308,476 1240,476 1171,476 1102,478 1033,478 964,480 896,482 827,482 758,482 689,484 620,484 552,486 483,486 414,488 345,488 276,488 208,490"/>
                <Baseline points="208,522 276,520 345,520 414,520 483,518 552,518 620,516 689,516 758,514 827,514 896,514 964,512 1033,510 1102,510 1171,508 1240,508 1308,508 1377,506 1446,506 1515,505 1584,506"/>
                <TextEquiv>
                    <Unicode>naar achteren bij de polikliniek. Vaderlandsche liederen klinken uit</Unicode>
                </TextEquiv>
            </TextLine>
            <TextLine id="tr_1_tl_3" custom="readingOrder {index:2;}">
                <Coords points="218,602 286,602 354,602 423,600 491,600 560,598 628,598 696,596 765,596 833,596 902,596 970,594 1038,592 1107,592 1175,592 1244,591 1312,590 1380,588 1449,588 1517,587 1586,592 1586,544 1517,539 1449,540 1380,540 1312,542 1244,543 1175,544 1107,544 1038,544 970,546 902,548 833,548 765,548 696,548 628,550 560,550 491,552 423,552 354,554 286,554 218,554"/>
                <Baseline points="218,586 286,586 354,586 423,584 491,584 560,582 628,582 696,580 765,580 833,580 902,580 970,578 1038,576 1107,576 1175,576 1244,575 1312,574 1380,572 1449,572 1517,571 1586,576"/>
                <TextEquiv>
                    <Unicode>de loods. Joop en Riek omhels ik. Riek tilt me van de grond Iedereen
</Unicode>
                </TextEquiv>
            </TextLine>
            <TextLine id="tr_1_tl_4" custom="readingOrder {index:3;}">
                <Coords points="218,670 289,668 360,667 431,667 502,666 574,664 645,662 716,662 787,662 858,662 930,660 1001,660 1072,658 1143,658 1214,658 1286,656 1357,656 1428,654 1499,654 1570,654 1642,658 1642,610 1570,606 1499,606 1428,606 1357,608 1286,608 1214,610 1143,610 1072,610 1001,612 930,612 858,614 787,614 716,614 645,614 574,616 502,618 431,619 360,619 289,620 218,622"/>
                <Baseline points="218,654 289,652 360,651 431,651 502,650 574,648 645,646 716,646 787,646 858,646 930,644 1001,644 1072,642 1143,642 1214,642 1286,640 1357,640 1428,638 1499,638 1570,638 1642,642"/>
                <TextEquiv>
                    <Unicode>loopt met oranje of rood-wit-blauw. Waar ze het vandaan gehaald hebben,
</Unicode>
                </TextEquiv>
            </TextLine>
            <TextLine id="tr_1_tl_5" custom="readingOrder {index:4;}">
                <Coords points="212,737 255,735 299,735 342,735 386,735 429,733 473,733 516,731 560,731 603,731 647,729 690,729 734,729 777,729 821,727 864,727 908,727 951,726 995,725 1038,726 1082,729 1082,683 1038,680 995,679 951,680 908,681 864,681 821,681 777,683 734,683 690,683 647,683 603,685 560,685 516,685 473,687 429,687 386,689 342,689 299,689 255,689 212,691"/>
                <Baseline points="212,722 255,720 299,720 342,720 386,720 429,718 473,718 516,716 560,716 603,716 647,714 690,714 734,714 777,714 821,712 864,712 908,712 951,711 995,710 1038,711 1082,714"/>
                <TextEquiv>
                    <Unicode>weet ik niet. Er is zelf een complete vlag.
</Unicode>
                </TextEquiv>
            </TextLine>
            <TextLine id="tr_1_tl_6" custom="readingOrder {index:5;}">
                <Coords points="216,803 264,802 312,801 360,801 409,801 457,799 505,799 554,799 602,797 650,795 699,795 747,794 795,793 843,793 892,793 940,793 988,791 1037,791 1085,791 1133,791 1182,795 1182,749 1133,745 1085,745 1037,745 988,745 940,747 892,747 843,747 795,747 747,748 699,749 650,749 602,751 554,753 505,753 457,753 409,755 360,755 312,755 264,756 216,757"/>
                <Baseline points="216,788 264,787 312,786 360,786 409,786 457,784 505,784 554,784 602,782 650,780 699,780 747,779 795,778 843,778 892,778 940,778 988,776 1037,776 1085,776 1133,776 1182,780"/>
                <TextEquiv>
                    <Unicode>Mijn leven lang vergeet ik dit moment niet meer. 
</Unicode>
                </TextEquiv>
            </TextLine>
            <TextLine id="tr_1_tl_7" custom="readingOrder {index:6;}">
                <Coords points="220,875 290,872 360,869 430,866 500,865 570,863 640,863 710,861 780,861 850,860 921,859 991,859 1061,857 1131,856 1201,855 1271,855 1341,855 1411,853 1481,853 1551,851 1622,853 1622,808 1551,806 1481,808 1411,808 1341,810 1271,810 1201,810 1131,811 1061,812 991,814 921,814 850,815 780,816 710,816 640,818 570,818 500,820 430,821 360,824 290,827 220,830"/>
                <Baseline points="220,860 290,857 360,854 430,851 500,850 570,848 640,848 710,846 780,846 850,845 921,844 991,844 1061,842 1131,841 1201,840 1271,840 1341,840 1411,838 1481,838 1551,836 1622,838"/>
                <TextEquiv>
                    <Unicode>11 uur  Ik dweilde de emper - Een Nip komt langs met de staf. Ik dweil
</Unicode>
                </TextEquiv>
            </TextLine>
            <TextLine id="tr_1_tl_8" custom="readingOrder {index:7;}">
                <Coords points="216,937 285,935 354,933 423,933 492,933 561,931 630,931 699,929 768,928 837,927 906,927 975,926 1044,925 1113,923 1182,923 1251,921 1320,921 1389,921 1458,919 1527,918 1596,919 1596,874 1527,873 1458,874 1389,876 1320,876 1251,876 1182,878 1113,878 1044,880 975,881 906,882 837,882 768,883 699,884 630,886 561,886 492,888 423,888 354,888 285,890 216,892"/>
                <Baseline points="216,922 285,920 354,918 423,918 492,918 561,916 630,916 699,914 768,913 837,912 906,912 975,911 1044,910 1113,908 1182,908 1251,906 1320,906 1389,906 1458,904 1527,903 1596,904"/>
                <TextEquiv>
                    <Unicode>door - vòor en over zijn voet en, denkend, "vuil, dat mijn deur voor-
</Unicode>
                </TextEquiv>
            </TextLine>
            <TextLine id="tr_1_tl_9" custom="readingOrder {index:8;}">
                <Coords points="216,1006 284,1006 352,1004 420,1002 488,1001 556,1000 624,1000 692,998 760,996 828,996 897,996 965,995 1033,994 1101,992 1169,991 1237,990 1305,990 1373,988 1441,987 1509,986 1578,986 1578,937 1509,937 1441,938 1373,939 1305,941 1237,941 1169,942 1101,943 1033,945 965,946 897,947 828,947 760,947 692,949 624,951 556,951 488,952 420,953 352,955 284,957 216,957"/>
                <Baseline points="216,990 284,990 352,988 420,986 488,985 556,984 624,984 692,982 760,980 828,980 897,980 965,979 1033,978 1101,976 1169,975 1237,974 1305,974 1373,972 1441,971 1509,970 1578,970"/>
                <TextEquiv>
                    <Unicode>bij gaat". Niet méé[accenten doorgestreept]r buigen, niet meer groeten, iedereen doet uitda-
</Unicode>
                </TextEquiv>
            </TextLine>
            <TextLine id="tr_1_tl_10" custom="readingOrder {index:9;}">
                <Coords points="216,1074 242,1072 269,1072 295,1072 322,1074 322,1025 295,1023 269,1023 242,1023 216,1025"/>
                <Baseline points="216,1058 242,1056 269,1056 295,1056 322,1058"/>
                <TextEquiv>
                    <Unicode>gend.
</Unicode>
                </TextEquiv>
            </TextLine>
            <TextLine id="tr_1_tl_11" custom="readingOrder {index:10;}">
                <Coords points="218,1141 286,1138 354,1135 422,1134 491,1133 559,1131 627,1131 696,1129 764,1127 832,1127 901,1127 969,1125 1037,1125 1105,1125 1174,1123 1242,1121 1310,1121 1379,1121 1447,1120 1515,1119 1584,1121 1584,1076 1515,1074 1447,1075 1379,1076 1310,1076 1242,1076 1174,1078 1105,1080 1037,1080 969,1080 901,1082 832,1082 764,1082 696,1084 627,1086 559,1086 491,1088 422,1089 354,1090 286,1093 218,1096"/>
                <Baseline points="218,1126 286,1123 354,1120 422,1119 491,1118 559,1116 627,1116 696,1114 764,1112 832,1112 901,1112 969,1110 1037,1110 1105,1110 1174,1108 1242,1106 1310,1106 1379,1106 1447,1105 1515,1104 1584,1106"/>
                <TextEquiv>
                    <Unicode>12 uur. Nip in 't kantoor woedend. Klepons komen het oranje ophalen.
</Unicode>
                </TextEquiv>
            </TextLine>
            <TextLine id="tr_1_tl_12" custom="readingOrder {index:11;}">
                <Coords points="216,1203 282,1203 349,1201 416,1201 483,1199 550,1199 617,1197 684,1195 751,1195 818,1193 885,1192 951,1191 1018,1191 1085,1190 1152,1189 1219,1189 1286,1189 1353,1187 1420,1186 1487,1187 1554,1187 1554,1142 1487,1142 1420,1141 1353,1142 1286,1144 1219,1144 1152,1144 1085,1145 1018,1146 951,1146 885,1147 818,1148 751,1150 684,1150 617,1152 550,1154 483,1154 416,1156 349,1156 282,1158 216,1158"/>
                <Baseline points="216,1188 282,1188 349,1186 416,1186 483,1184 550,1184 617,1182 684,1180 751,1180 818,1178 885,1177 951,1176 1018,1176 1085,1175 1152,1174 1219,1174 1286,1174 1353,1172 1420,1171 1487,1172 1554,1172"/>
                <TextEquiv>
                    <Unicode>We hebben een vel oranje papier scheuren er dertig snippers van en
</Unicode>
                </TextEquiv>
            </TextLine>
            <TextLine id="tr_1_tl_13" custom="readingOrder {index:12;}">
                <Coords points="222,1273 289,1269 356,1268 423,1267 491,1265 558,1264 625,1263 693,1261 760,1261 827,1258 895,1258 962,1257 1029,1257 1096,1257 1164,1257 1231,1255 1298,1255 1366,1253 1433,1251 1500,1251 1568,1251 1568,1205 1500,1205 1433,1205 1366,1207 1298,1209 1231,1209 1164,1211 1096,1211 1029,1211 962,1211 895,1212 827,1212 760,1215 693,1215 625,1217 558,1218 491,1219 423,1221 356,1222 289,1223 222,1227"/>
                <Baseline points="222,1258 289,1254 356,1253 423,1252 491,1250 558,1249 625,1248 693,1246 760,1246 827,1243 895,1243 962,1242 1029,1242 1096,1242 1164,1242 1231,1240 1298,1240 1366,1238 1433,1236 1500,1236 1568,1236"/>
                <TextEquiv>
                    <Unicode>leveren het in. Het echte oranje wordt weggemoffeld. Een paar dames
</Unicode>
                </TextEquiv>
            </TextLine>
            <TextLine id="tr_1_tl_14" custom="readingOrder {index:13;}">
                <Coords points="220,1337 286,1335 353,1335 419,1333 486,1332 553,1331 619,1329 686,1329 752,1329 819,1327 886,1325 952,1325 1019,1325 1085,1323 1152,1323 1218,1321 1285,1321 1352,1320 1418,1319 1485,1319 1552,1317 1552,1271 1485,1273 1418,1273 1352,1274 1285,1275 1218,1275 1152,1277 1085,1277 1019,1279 952,1279 886,1279 819,1281 752,1283 686,1283 619,1283 553,1285 486,1286 419,1287 353,1289 286,1289 220,1291"/>
                <Baseline points="220,1322 286,1320 353,1320 419,1318 486,1317 553,1316 619,1314 686,1314 752,1314 819,1312 886,1310 952,1310 1019,1310 1085,1308 1152,1308 1218,1306 1285,1306 1352,1305 1418,1304 1485,1304 1552,1302"/>
                <TextEquiv>
                    <Unicode>worden ter verantwoording op kantoor geroepen. Het keukenpersoneel
</Unicode>
                </TextEquiv>
            </TextLine>
            <TextLine id="tr_1_tl_15" custom="readingOrder {index:14;}">
                <Coords points="222,1408 291,1404 361,1403 430,1402 500,1402 569,1400 639,1398 708,1398 778,1396 847,1396 917,1394 986,1392 1056,1392 1125,1392 1195,1390 1264,1390 1334,1389 1403,1388 1473,1387 1542,1386 1612,1386 1612,1337 1542,1337 1473,1338 1403,1339 1334,1340 1264,1341 1195,1341 1125,1343 1056,1343 986,1343 917,1345 847,1347 778,1347 708,1349 639,1349 569,1351 500,1353 430,1353 361,1354 291,1355 222,1359"/>
                <Baseline points="222,1392 291,1388 361,1387 430,1386 500,1386 569,1384 639,1382 708,1382 778,1380 847,1380 917,1378 986,1376 1056,1376 1125,1376 1195,1374 1264,1374 1334,1373 1403,1372 1473,1371 1542,1370 1612,1370"/>
                <TextEquiv>
                    <Unicode>wordt naar huis gestuurd - mag niet gekookt worden voor straf en alle
</Unicode>
                </TextEquiv>
            </TextLine>
            <TextLine id="tr_1_tl_16" custom="readingOrder {index:15;}">
                <Coords points="220,1475 245,1473 271,1472 297,1471 323,1471 349,1471 375,1471 400,1471 426,1471 452,1471 478,1471 504,1471 530,1471 530,1425 504,1425 478,1425 452,1425 426,1425 400,1425 375,1425 349,1425 323,1425 297,1425 271,1426 245,1427 220,1429"/>
                <Baseline points="220,1460 245,1458 271,1457 297,1456 323,1456 349,1456 375,1456 400,1456 426,1456 452,1456 478,1456 504,1456 530,1456"/>
                <TextEquiv>
                    <Unicode>kranen stoppen.
</Unicode>
                </TextEquiv>
            </TextLine>
            <TextLine id="tr_1_tl_17" custom="readingOrder {index:16;}">
                <Coords points="226,1537 293,1539 360,1538 427,1535 494,1535 561,1534 628,1533 695,1531 762,1531 829,1529 897,1529 964,1527 1031,1527 1098,1525 1165,1525 1232,1525 1299,1523 1366,1521 1433,1521 1500,1520 1568,1519 1568,1473 1500,1474 1433,1475 1366,1475 1299,1477 1232,1479 1165,1479 1098,1479 1031,1481 964,1481 897,1483 829,1483 762,1485 695,1485 628,1487 561,1488 494,1489 427,1489 360,1492 293,1493 226,1491"/>
                <Baseline points="226,1522 293,1524 360,1523 427,1520 494,1520 561,1519 628,1518 695,1516 762,1516 829,1514 897,1514 964,1512 1031,1512 1098,1510 1165,1510 1232,1510 1299,1508 1366,1506 1433,1506 1500,1505 1568,1504"/>
                <TextEquiv>
                    <Unicode>4 uur. Het hoofd van alle kampen kwam en hield een speech, zei o.a.
</Unicode>
                </TextEquiv>
            </TextLine>
            <TextLine id="tr_1_tl_18" custom="readingOrder {index:17;}">
                <Coords points="224,1605 291,1603 359,1602 426,1602 494,1601 561,1599 629,1599 696,1598 764,1597 831,1595 899,1594 966,1593 1034,1591 1101,1591 1169,1589 1236,1588 1304,1587 1371,1585 1439,1585 1506,1583 1574,1587 1574,1541 1506,1537 1439,1539 1371,1539 1304,1541 1236,1542 1169,1543 1101,1545 1034,1545 966,1547 899,1548 831,1549 764,1551 696,1552 629,1553 561,1553 494,1555 426,1556 359,1556 291,1557 224,1559"/>
                <Baseline points="224,1590 291,1588 359,1587 426,1587 494,1586 561,1584 629,1584 696,1583 764,1582 831,1580 899,1579 966,1578 1034,1576 1101,1576 1169,1574 1236,1573 1304,1572 1371,1570 1439,1570 1506,1568 1574,1572"/>
                <TextEquiv>
                    <Unicode>Een kamp heeft regelementen, die gehouden moeten worden Als er weer
</Unicode>
                </TextEquiv>
            </TextLine>
            <TextLine id="tr_1_tl_19" custom="readingOrder {index:18;}">
                <Coords points="224,1672 294,1670 364,1670 434,1670 505,1667 575,1666 645,1666 716,1664 786,1664 856,1664 927,1661 997,1660 1067,1658 1137,1656 1208,1654 1278,1653 1348,1652 1419,1650 1489,1650 1559,1650 1630,1650 1630,1602 1559,1602 1489,1602 1419,1602 1348,1604 1278,1605 1208,1606 1137,1608 1067,1610 997,1612 927,1613 856,1616 786,1616 716,1616 645,1618 575,1618 505,1619 434,1622 364,1622 294,1622 224,1624"/>
                <Baseline points="224,1656 294,1654 364,1654 434,1654 505,1651 575,1650 645,1650 716,1648 786,1648 856,1648 927,1645 997,1644 1067,1642 1137,1640 1208,1638 1278,1637 1348,1636 1419,1634 1489,1634 1559,1634 1630,1634"/>
                <TextEquiv>
                    <Unicode>zoo iets gebeurt als vanmorgen - moeten we kalm blijven en alle orders
</Unicode>
                </TextEquiv>
            </TextLine>
            <TextLine id="tr_1_tl_20" custom="readingOrder {index:19;}">
                <Coords points="230,1740 293,1736 356,1736 420,1736 483,1734 547,1732 610,1732 673,1731 737,1730 800,1730 864,1728 927,1728 990,1726 1054,1724 1117,1722 1181,1720 1244,1718 1307,1718 1371,1718 1434,1716 1498,1720 1498,1672 1434,1668 1371,1670 1307,1670 1244,1670 1181,1672 1117,1674 1054,1676 990,1678 927,1680 864,1680 800,1682 737,1682 673,1683 610,1684 547,1684 483,1686 420,1688 356,1688 293,1688 230,1692"/>
                <Baseline points="230,1724 293,1720 356,1720 420,1720 483,1718 547,1716 610,1716 673,1715 737,1714 800,1714 864,1712 927,1712 990,1710 1054,1708 1117,1706 1181,1704 1244,1702 1307,1702 1371,1702 1434,1700 1498,1704"/>
                <TextEquiv>
                    <Unicode>opvolgen en geen oranje dragen. Hij zal wel voor ons zorgen!!!.
</Unicode>
                </TextEquiv>
            </TextLine>
            <TextLine id="tr_1_tl_21" custom="readingOrder {index:20;}">
                <Coords points="228,1809 295,1805 363,1802 430,1799 498,1797 565,1797 633,1795 700,1795 768,1793 835,1795 903,1792 970,1791 1038,1791 1105,1787 1173,1786 1240,1785 1308,1785 1375,1783 1443,1783 1510,1782 1578,1783 1578,1737 1510,1736 1443,1737 1375,1737 1308,1739 1240,1739 1173,1740 1105,1741 1038,1745 970,1745 903,1746 835,1749 768,1747 700,1749 633,1749 565,1751 498,1751 430,1753 363,1756 295,1759 228,1763"/>
                <Baseline points="228,1794 295,1790 363,1787 430,1784 498,1782 565,1782 633,1780 700,1780 768,1778 835,1780 903,1777 970,1776 1038,1776 1105,1772 1173,1771 1240,1770 1308,1770 1375,1768 1443,1768 1510,1767 1578,1768"/>
                <TextEquiv>
                    <Unicode>2 Febr. Laatste dagen heel erg moeilijk - weinig water - geen hout.
</Unicode>
                </TextEquiv>
            </TextLine>
            <TextLine id="tr_1_tl_22" custom="readingOrder {index:21;}">
                <Coords points="230,1871 300,1867 370,1867 440,1865 510,1864 581,1861 651,1861 721,1860 791,1859 861,1859 932,1857 1002,1857 1072,1855 1142,1853 1212,1851 1283,1850 1353,1849 1423,1849 1493,1849 1563,1849 1634,1845 1634,1799 1563,1803 1493,1803 1423,1803 1353,1803 1283,1804 1212,1805 1142,1807 1072,1809 1002,1811 932,1811 861,1813 791,1813 721,1814 651,1815 581,1815 510,1818 440,1819 370,1821 300,1821 230,1825"/>
                <Baseline points="230,1856 300,1852 370,1852 440,1850 510,1849 581,1846 651,1846 721,1845 791,1844 861,1844 932,1842 1002,1842 1072,1840 1142,1838 1212,1836 1283,1835 1353,1834 1423,1834 1493,1834 1563,1834 1634,1830"/>
                <TextEquiv>
                    <Unicode>Boom in 't kamp omgehakt, soms om drie uur 1 pollepel warm weater, eer-
</Unicode>
                </TextEquiv>
            </TextLine>
            <TextLine id="tr_1_tl_23" custom="readingOrder {index:22;}">
                <Coords points="230,1939 300,1935 370,1935 440,1932 510,1931 580,1929 650,1927 720,1927 790,1925 860,1924 930,1922 1000,1921 1070,1920 1140,1919 1210,1919 1280,1917 1350,1917 1420,1917 1490,1915 1560,1915 1630,1917 1630,1871 1560,1869 1490,1869 1420,1871 1350,1871 1280,1871 1210,1873 1140,1873 1070,1874 1000,1875 930,1876 860,1878 790,1879 720,1881 650,1881 580,1883 510,1885 440,1886 370,1889 300,1889 230,1893"/>
                <Baseline points="230,1924 300,1920 370,1920 440,1917 510,1916 580,1914 650,1912 720,1912 790,1910 860,1909 930,1907 1000,1906 1070,1905 1140,1904 1210,1904 1280,1902 1350,1902 1420,1902 1490,1900 1560,1900 1630,1902"/>
                <TextEquiv>
                    <Unicode>ste kopje warm drinken van den heelen dag, Water wordt op 1 theelepel-
</Unicode>
                </TextEquiv>
            </TextLine>
            <TextLine id="tr_1_tl_24" custom="readingOrder {index:23;}">
                <Coords points="234,2008 304,2005 374,2002 444,2000 514,1999 584,1998 654,1996 724,1995 794,1994 864,1990 935,1990 1005,1988 1075,1988 1145,1988 1215,1986 1285,1986 1355,1986 1425,1984 1495,1984 1565,1983 1636,1986 1636,1938 1565,1935 1495,1936 1425,1936 1355,1938 1285,1938 1215,1938 1145,1940 1075,1940 1005,1940 935,1942 864,1942 794,1946 724,1947 654,1948 584,1950 514,1951 444,1952 374,1954 304,1957 234,1960"/>
                <Baseline points="234,1992 304,1989 374,1986 444,1984 514,1983 584,1982 654,1980 724,1979 794,1978 864,1974 935,1974 1005,1972 1075,1972 1145,1972 1215,1970 1285,1970 1355,1970 1425,1968 1495,1968 1565,1967 1636,1970"/>
                <TextEquiv>
                    <Unicode>tje gemalen koffie gegoten, laten bezinken en dan drinken. Er wordt op</Unicode>
                </TextEquiv>
            </TextLine>
        </TextRegion>
    </Page>
</PcGts>
