1701 2383
241 461 1585 514 grooten schaal gesmokkeld. Ik kreeg 1 ei voor Mieke van Griet en Em
241 529 659 578 en ik 1 ei van Cissy.
241 594 1601 652 Van morgen nà het appèl verzamelen op het grasveld en hand opsteken,
241 660 1597 714 wie gesmokkeld hadden. Meesten bleven loyaal. Wij ook, safety in a [
239 725 1589 783 number! We stonden er van 10 uur 's morgens tot over half zes. Geen
235 793 1543 849 eten - geen drinken. Degenen, die flauw vielen werden op het gras
241 859 1589 913 onder een boom gelegd. Om de druk op de wervel kolom, wat op te hef-
241 927 1569 985 fen, steunden we soms even met onze handen op onze knieën, maar de
237 994 1589 1050 rond, loopende klepons sloegen dan met een bamboe rietje. Bij groep-
241 1060 1605 1114 jes van 10 mochten we soms even ons verwijderen. Daar zaten verstopt
239 1126 1581 1180 achter een muurtje vrouwen met een emmer water en een bekertje, zoo
233 1191 1601 1251 dat je een slok drinken kon. Alleen baby's en de zieken kregen eten,
239 1258 1599 1317 anderen niet. Mieke gelukkig ook eten gehad! Na half zes dood moe op
241 1325 1543 1379 onze matras gerold. Keuken kwam met koffie maar 1 x eten - andere
233 1393 501 1442 menschen 2 x.
235 1460 1567 1511 3 Febr. Ontevreden-heid over de leiding - Mej. Ongerboer en HLauten-
241 1524 1569 1581 bach moeten weg. Handteekeningen verzameld. v. Leeuwen en Wijnberg
241 1587 461 1641 vertrekken.
233 1658 1559 1709 5 Febr. Ongerboer en HLautenbach blijven. Mej. Jozef wordt afgezet.
233 1724 1589 1777 Reuze rel. Ik trek me er niets van aan, voor zoo ver dat gaat als k
239 1788 521 1840 zaal leidster.
337 1856 1545 1906 Gisterenavond laat ik een plaatje zien van een dansend
235 1921 1617 1979 jongetje en meisje. "Waarom dansen ze"?, vraagt Mieke. "omdat ze ple-
291 2030 505 2069 [moet zijn:
383 2081 719 2123 safety in numbers.
