1705 2385
224 458 1590 526 zier hebben en blij zijn" antwoord ik, waarop Mieke zegt: "O mammie,
220 526 1564 594 ik weet het al - misschien zijn ze wel zoo blij, omdat de menschen,
220 598 1198 662 die niet in dit boek staan, naar huis toe mogen!"
324 660 1572 726 Na een heftig twist gesprek op zaal, zegt Mieke zachtjes tegen
224 724 1610 798 me: "Als de menschen zóo boos zijn, zijn ze dan ook boos in hun hart-
228 807 308 866 je?"
232 860 1614 931 6 Febr. Mieke krijgt pest injectie - vervelend met die kinkhoest. Mag
228 924 1638 995 nu dieet - voor een week droge rijst en gaat het eten iets beter. Soms
228 991 1620 1063 ligt nà een half uur de maaltijd echter weer in de tuin. Eer gisteren
228 1061 1232 1127 zat ik 's nachts een half uur met haar in de tuin.
228 1123 1522 1191 Wat? — als er de achtste niets gebeurdt? Ik ben er bang voor. De
232 1186 1560 1258 Tangsi is leeg - de school is nu Heiho tangsi en de pastorie is nu
232 1250 1622 1326 Nippen kantoor, overal wordt het gedek vernieuwd en er komt een nieuw
238 1328 1082 1394 wachthuisje aan 't begin van de oprijlaan.
240 1386 1584 1460 8 Febr. ± 1 uur werd mijn buur-vrouw Zr de Neeff weggehaald met een
238 1460 1104 1526 week-end koffertje door Nippen. Waarheen???
240 1517 1644 1599 9 Febr. Hoog bezoek aangekondigd - niet gekomen. Mieke hevig kinkhoest -
244 1587 1630 1660 gooit al het eten eruit en valt steeds af. Ze weegt nu 26 pond Bettie
244 1655 1594 1722 Groen (2 jaar) weegt 32. Ze heeft ook apenpokken - krijgt te weinig
240 1722 1286 1794 slaap (soms 67 buiten per nacht), ziet er slecht uit.
340 1787 1554 1857 Het eten is vreeselijk de laatste weken:  's Morgens Azia pap
248 1851 1620 1925 (stijfsel)  's middags wat rijst met kool afval  's avonds rijst aange-
248 1919 1582 1989 maakt met Azia meel - 1 x per dag 1 pollepel warm water, met geluk
