1708 2387
241 464 1613 516 soms om 10 uur, maar meestal om 4 uur soms zelfs half zes. Eens in de
247 530 1613 584 10 dagen krijgen we een geroosterde koek van — – —  Azia meel. Veel
245 595 1571 649 menschen klagen over slaap en hoofdpijn. Doktoren zeggen van blauw
247 663 1651 717 zuur in Aziameel. Je ziet iedereen dagelijks achteruit gaan. 't Regent
241 729 1611 783 alle dagen, vreeselijke modderpoelen overal, maar één licht punt, je
245 797 1637 851 kunt ten minste wasschen, want met die nieuwe tangsie beneden stoppen
239 863 709 915 de kranen zoo dikwijls.
239 931 1653 984 17 Febr. Dinsd. 13 Febr. kwam Neeff terug. Ze zag er ontzettend slecht
243 1000 1609 1049 uit en met een blik in haar oogen òf ze iets hèel ergs heeft gezien.
239 1064 1577 1117 Ze mag niets zeggen. Ze is een paar dagen naar de kliniek om op te
239 1132 387 1183 knappen.
239 1198 1653 1249 Kinkhoest van Mieke lijkt iets minder te worden. Hout situatie vreese-
247 1268 1613 1321 lijk. Al een paar dagen is de binnen oven niet aangeweest. Soms hèel
239 1336 1149 1386 den dag geen warm drinken en alleen pap eten.
241 1403 1249 1454 3 uur Hoog bezoek uit Batavia o.a. Azano en Shiba.
243 1469 1649 1518 28 Febr. Emmy Baay naar andere zaal verhuisd. Laatste dagen bijna geen
243 1533 1591 1585 hout - om half vier soms pas eten. Ik bracht Mieke naar bed en keek
239 1599 1573 1649 somber in heelemaal gedachten voor me. Mieke: "Ik ben toch niet
243 1661 1533 1717 stout?" Ik: "Neen, waarom?" M: "Je kijkt me zoo onschuldig aan!"
345 1731 1583 1785 Ik vraag Mieke de poppen kleerdtjes op te ruimen en ben enthou-
243 1799 1533 1849 siast als even later alles netjes is - zêg haar altijd zóo op te
245 1865 1649 1917 ruimen, "Ja, mijn handjes willen wel, maar ze zijn om deze tijd altijd
247 1931 1081 1984 zoo moe. Ze willen jou wel tot hulp zijn."
