1706 2384
250 457 1580 512 Gisteren kregen we één eendenei voor twee personen 'k Gaf Mieke de
246 524 1536 578 helft en bewaarde de andere helft voor den volgenden morgen voor
246 592 1558 644 haar. Mieke probeerde het al door van me los te krijgen en bij 't
250 659 1598 712 laatste hapje van haar eten zei ze: "Als je hier nu eens een beetje
256 720 1518 778 ei op deed?" en toen ik "neen" zei: "Ruilen met een vleeschje?"
250 798 1096 846 6 Maart Werkwoorden zijn moeilijk voor je.
254 860 990 912 "Moeder, wil je die jongens verboden"
254 922 1618 978 "Die meisjes hebben een tak van de boom gebreken" Buiten op de bank
250 992 1562 1048 zat Tante Frans Heida Eng, les te geven aan een paar meisjes. Jij
252 1056 1596 1112 zat er kraaltjes te rijgen: "Moeder, er is een kraal gevallen onder
246 1124 1536 1178 de beenen, die dienst hebben en nu durf ik emnniet op te rapen."
254 1190 1598 1244 Onder het eten: "Moeder, nunheb ik toch zoo'n boffing," en daar zag
256 1257 1214 1313 ik een vierkante milillimeter vleesch op je lepel.
256 1325 1454 1379 M Pygmaleion - "Mevr. Hoboken, Sonja zit ons weer te pesten".
256 1389 1624 1445 Inmiddels weer een kind van 3 jaar en 1 oude vrouw gestorven. De 5de
256 1457 1598 1512 zouden we van de Jappen een cabaret morgen in elkaar moeten zetten,
250 1522 1628 1578 maar 't is afgelast, omdat de 3de eenige briefkaarten en Roode Kruis-
250 1588 1612 1644 berichten binnen kwamen, waaronder 10 overlijdensberichten. Hout si-
254 1654 1584 1712 tuatie is nog steeds slecht. De maandelijksche voedsel voorraad is
254 1722 1648 1780 nog steeds niet binnen. Van kamp 8, eerst drie en vanmorgen 12 zakken
258 1796 540 1848 rijst geleend.
256 1858 1580 1917 8 Maart. Gisteren avond zei Mieke: "Moeder, als jij later een oude
252 1926 1640 1979 dame bent en je bent een begrafenis geworden, dan heb ik toch nog een
