1702 2383
247 467 695 521 moeder - dat is Neeff.
253 529 1629 592 10 Maart Mieke om 7 uur wakker, vraagt: "Mag ik even buiten wandelen"
251 597 1411 654 in het donker? Ik ben niet bang, God wijst me wel de weg."
249 660 1643 724 9 April. Maand Maart was hopeloos - weinig hout en weinig water. Eten
255 726 1601 786 soms pas om vier uur. Om de dag afgepast water om te mandiën. Nu is
273 793 1521 850 't eten weer iets beter met djagoen en kedele en om den dag een
257 867 417 918 broodje.
233 923 1633 987 Gisteren kwamen Roode Kruis paketten (Mieke zei "Mooie kruis bouquet-
259 991 1547 1051 ten.") 106 in 't geheel 70 uit Amerika - verder Austr. Afrika en
259 1057 1591 1117 Br. Dominions. Mieke heeft een nieuw woord, wat ze zeer terecht ge-
257 1124 1463 1184 bruikt "Sorry don" combinatie van Pardon en Sorry", denk ik.
257 1190 1599 1248 Geruchten: Amerikanen op Madoera, wachten op de afgeloopen van bespre-
257 1257 1639 1317 kingen. Laatste maal - nù geen over eenkomst - dàn met groote getalen
265 1323 1551 1383 bommen strooien - Phillipijnen en Formosa in handen - vloot ligt
261 1391 1581 1449 overal hier om heen - wij zijn groote troef in handen van de Japs.
257 1457 1621 1519 Amboneezen en Menadoneezen troepen, die voor bewakings diensten naar
261 1525 1601 1585 Soerabaya over gebracht waren, zijn los gebroken en zijn in verbin-
265 1602 945 1650 ding met hoofdkwartier op Madoera.
273 1664 1036 1715 "Scheelt wel mee" i.p.v. "Valt wel mee"    )
1163 1688 1375 1744 )     zegt Mieke
271 1731 987 1782 "Opzakken"           i.p.v. "Ophijschen"      )
261 1791 1571 1850 Zondag Geen hout om eten te koken - gelukkig is er brood gekomen.
271 1854 1573 1916 Op 't gras gedekt - brood + ½ ei met zout enkoffie met suiker. 't
265 1930 689 1981 was een feest gewoon.
