1709 2383
225 448 1631 527 24 April Zaterdag morgen 20 April om half 10 lucht alarm tot ± 12 uur.
225 514 1537 587 De Nip zegt "Djocja gebombardeerd". Zaterdag avond hield de Heiho
229 579 1535 657 commandant een toespraak voor eenige klepons met een zwart doekje
227 643 1613 723 met een doodskop erop en gaf de Keizerlijke kus. 'k Hoorde ook dat er
231 721 1115 791 nu voor 60 Heiho's wordt gekookt i.p.v. 120.
231 777 1619 857 Mieke zegt, voor uit loopende op een verhaal uit de kinderbijbel, dat
235 845 1623 923 ik voor lees: "Maar de Heer Jezus wel, die ziet alles, want hij hangt
239 928 833 990 toch over de hemel te kijken."
241 982 1543 1058 Gesprek tusschen Mieke en Bettie Groen (bijna 3 j.) Bettie op mij
239 1044 1627 1124 wijzend: "Dat is mijn moeder". Mieke: "Is jouw moeder soms gestorven?"
239 1132 717 1192 Bettie onthutst: M "Nee"
239 1176 1619 1256 Mieke: "Nou, dan heb je toch je eigen moeder". Mieke schikt wat Afri-
243 1242 1613 1324 kaantjes - Mary gold - Cosmea enz. in haar zilveren bekertje, ineens
243 1308 1605 1390 zegt ze: "Wat hebben die bloempjes van morgen toch een mooie jurkjes
249 1373 1611 1457 aan, vind je ook niet, Mam?" Mieke komt uit de tuin met drie of vier
249 1441 1535 1525 kleine peuters achter haar aan, die met kussens en haar tafeltje
251 1507 1559 1589 sleepen. "Kindertjes", zegt Mieke "omdat jullie zoo goed geholpen
255 1574 1601 1657 hebben, krijgen jullie een likje van mijn goela djawa". Ik had n.l.
257 1638 1629 1721 wat in een bekertje gedaan om haar stukje brood in te doopen en daar-
255 1721 1055 1789 in staken nu allen een vieze wijsvinger.
255 1771 1643 1860 26 April 'k Had van 11-12 Fesimbang gisteren avond en ging daarna tot
261 1841 1609 1920 één uur naar de kliniek, waar Gladys Valk lag te succombeeren. Half
265 1904 1625 1989 twee stierf ze. Vreeselijk zóo jong 38 j. en arme„Noortje". We zaten
