1709 2385
246 466 1614 523 altijd samen aan de vleeschtafel, Cissy - Gladys en ik. Vanmorgen de
248 540 470 594 begrafenis.
240 603 1556 663 3 Mei. 6 uur 1ste transport 600 menschen naar de boei (kamp 10 in
248 670 1654 723 Bandjoe Biroe) Gisterenavond om ± 10 uur [ alweer het licht aan en alles
250 734 1596 792 druk aan het pakken. 't was nàar van Neeff - Serry - Miep de Bruine
250 803 1536 857 Groeneveldt afscheid te nemen. Mieke is hangerig en ligt maar te
246 865 1628 923 slapen, waar-door ik ten minste flink kan opschieten met pakken. Mor-
250 937 1642 996 gen gaan wij naar kamp XI. Gisteren in alle het drukte van het pakken
250 1003 1542 1056 weer luchtalarm. Nip zei: "De Amerikanen zijn bij de Philipijnen
250 1069 888 1127 verslagen - komen nu naar Java."
244 1132 1660 1195 7 Mei Mieke ging om half zes met de zieken naar de poort om per vracht-
248 1200 1578 1257 auto vervoerd te worden. Ik stond naast Mia Diephuis en de Heida's
250 1262 1594 1322 aangetreden.Eenmaal buiten liep ik met Cissy, die veel te zwaar be-
252 1330 1640 1392 pakt was en die natuurlijk weer hulp noodig had. 'k Was bij de eerste
260 1397 1600 1459 groep en de wandeling was heerlijk; jammer, dat het nog donker was.
252 1463 1640 1523 Bij elke zijweg stond een Heiho en er liepen er drie mee. De Nip reed
260 1531 1624 1587 op de fiets nu en dan langs. De vrachtauto passeerde 2 x heen en 1 x
256 1596 1600 1656 terug. Prachtig was het toen de zon opkwam. Nà nog een poos loopen,
252 1663 1626 1723 kwam de Nip voorbij fietsen en even later terug, riep hij iets tegen
254 1729 1626 1785 de vooruit loopende Heiho en daar kwamen in loop pas een heele troep
254 1795 1662 1856 Heiho's terug loopen. De verdere zijwegen waren door agenten af gezet.
256 1862 1558 1922 De enkele Inlanders, die we tegenkwamen, werden de te sawahs inge-
258 1926 1610 1996 jaagd. We vermoedden "alarm" in ieder geval was er iets loos. "Lima
256 2062 1222 2133 [ werd nog pap uitgedeeld en vanochtend om 4 uur
