1716 2391
263 457 1673 519 van vijandelijke schepen bevrijd. 5 vloten hier in de buurt. Soerabaya
261 527 663 578 hevig gebombardeerd.
255 594 1631 649 2 Juni Gisteren 200 menschen uit Solo aangekomen Contact met kamp 10
261 662 1679 717 en 6. Weer28 Gäbler overleden sneu voordat baby-tje. Liggen nu op 48 c.M.
259 726 585 778 nauwer dan nauw.
257 792 905 848 Mieke weer last van haar buikje.
257 860 1545 922 Nieuws: H.M. radio rede indrukwekkend Juliana Koningin - Opening
259 925 1649 985 Staten Generaal 31 Mei Holland erg geteisterd. Makassar bezet - einde
257 990 1569 1048 nadert?. Concentratie kampen - toestand onbeschrijfelijk Het eten
259 1057 1639 1114 vreeselijk - al een dag of tien geen rijst - soms 's middags om 4 uur
255 1125 1563 1180 pas eten en 's avonds 10 à 4 uur. Honger - knagende honger - geen
255 1189 1019 1238 suiker - geen heet water - hopeloos!!!
259 1256 1621 1312 10 Juni 's morgens nà het ontbijt heb ik een dood moe gevoel over me
257 1321 1645 1380 en vecht den heelen dag door tegen die dodelijke moeheid. Eergisteren
257 1387 1645 1447 avond 1 schep blubber pap - gister morgen vies - zuur - bitter stukje
255 1453 1609 1513 brood - om 5 uur middag eten en 's avonds 10 uur 1 klein schepje ge-
257 1521 1181 1576 malen djagoeng 't Is bijna niet uit te houden.
257 1587 1585 1645 Geruchten: 18de Indo's vrij, 19de Totok naar Magalang in instituut
255 1653 1625 1713 van Pa v.d. Steur en leven van ƒ 20.- Nieuws: convooi varende 10 mijl
255 1721 1625 1779 in Austr. aangekomen met landingsleger en materiaal voor hier. Japan
259 1791 1477 1848 op 5 punten hevig aan gevallen heeft wapenstilstand gevraagd.
257 1855 1497 1912 Mieke telde plotseling tot 20 - kent ook de dagen van de week.
247 1924 1653 1977 16 Juni Mieke 13 kilo - ik 44. Lezing van Mevr. Hooykaas - van Leeuwen
251 1988 1649 2043 Boomkamp over "Twee gelukkige volkeren" n.l. De Grieken en de Baliers
