1705 2383
227 451 1593 508 Ze is buiten gewoon, heeft een goed geheugen en is niet zonder humor
227 521 1215 577 (vergeleek Ben Hur met Katwijksche groentenboer.)
225 587 1515 650 19 Juni 2de lezing van Mevr. Hooykaas over "Grieksche legenden en
227 653 1629 710 waarheid" Lezing wordt in de kamer van Dr Rappard gegeven. 't Is tjok-
227 718 1573 774 vol, Dokter komt binnen en zoekt een plaatsje. Mevr. Hooykaas verge-
233 784 1619 840 lijkt met een congres, waar niet gesproken mag worden. Daar wordt een
227 849 1601 908 kom tot de rand toe met water gevuld binnen gebracht en er wordt een
231 923 677 975 rozenblaadje opgelegd.
227 988 989 1044 Iets bijzonders kan er altijd nog bij.
229 1054 1053 1106 Charmant compliment voor Mevr Dr Rappard.
227 1115 1633 1180 1 Juli Gisterenavond, als gewoonlijk, deed ik een avondgebedje en bad
229 1182 1581 1240 daarna voor Papa Guus, toen Mieke ineens zei: "Mamma daar zijn heel
235 1248 1595 1309 veel kindertjes in deze zaal, die nooit bidden en nu moeten wij maar
237 1317 1067 1377 voor al die kindjes hun Papa's bidden hè!"
235 1381 1605 1443 Toen ik hier kwam, heb ik mijn haar kort geknipt bij de extra slanke
239 1448 1585 1511 lijn, staat het schijnbaar erg jong, want ik ben al twee x als "dat
231 1527 581 1577 meisje" betiteld.
235 1581 1561 1646 3 Juli Eten even iets beter geweest - is goela djawa van de passar
239 1647 1629 1706 binnen. We moeten per blok 30 zakken per dag naaien. Ook nog boven al
235 1712 1589 1772 dat corvée. Gisteren 770 briefkaarten binnen gekomen. Ik natuurlijk
235 1789 459 1840 weer niets.
235 1843 1601 1911 25 Juli 6 jaar getrouwd - Nieuws - landingen Soerabaya en Semarang.
223 1910 1501 1977 Lucht alarm 3 x Zond. 22 Juli 9 vliegtuigen in pracht formatie.
235 1979 1003 2037 Dynamiet onder bruggen en kruispunten.
