1711 2405
262 442 1630 494 Nip zegt zelf Eng. en Amerik. Austr. in Soerab. in 10 dagen af geloo-
268 507 646 557 pen. Is het waar???
260 574 1574 628 Mieke vertelt zich zelf verhaaltjes: "Er was eens een meisje, die
260 641 1668 694 heette Rootje, dat is haar achternaam en Halientje is haar voornaam en
262 708 1310 758 Bosientje haar derde naam." Ik zit soms te proesten.
260 774 1614 828 Na haar avond gebedje zei ze uit zich zelf: "Wil je, Lieve Heer, in
262 840 1646 892 dat diepe gaatje een groot plasje doen. (had ze n.l. een zaadje inge-
260 908 1630 958 stopt) en wil je zorgen voor Papa Guus, dat ze niet gesterft wordt -
260 974 1248 1028 zoo kassian - dan hebben wij geen Papa Guus meer.
260 1042 1670 1102 Mieke praat over de pop, die in een "sleating" zit, over - "degeenege",
260 1110 504 1164 die ze kent.
256 1178 1550 1228 Het eten is de laatste maand vreeselijk. 's Morgens en 's avonds
268 1244 1632 1296 blubber (stijfsel) 's middags een kleine klapper dop rijst met grove
260 1310 1630 1362 afval van groente met blubber aan gelengd - wèl hebben we wat suiker
272 1374 1654 1427 en goela djawa gehad. Zaterdag tijdens het eten, moest ik echt huilen
268 1442 1578 1494 en dorst bijna niet te eten, omdat het zoo hèèl weinig was en zoo
268 1508 1348 1561 vlug weer op en dan toch nog het honger gevoel er was.
268 1578 1668 1632 5 Aug. Zond. 29 Juli had Mieke 40.8. Dinsd. 39.8 Woensd. 39.6 en toen
264 1645 1618 1692 was de influenza weer over. Ik hoest - heb geen stem meer. al bijna
266 1708 1674 1760 een week - voel me volkomen afgeknapt. 'k Heb zelfs geen eetlust meer -
268 1776 1674 1825 voel me vreemd overal buitenstaan nu iedereen dagelijks klaagt en relt
264 1842 710 1894 over het weinige eten.
260 1908 1654 1968 10 Aug. Mieke 13 Kilo - ik 41. Ben echt afgeknapt - voel me dagelijks
