1706 2392
234 483 1608 538 achteruit gaan. 'k Ben in-gedeeld bij de maal ploeg (djagoeng malen)
238 549 1000 602 maar 't is eigenlijk te zwaar voor me.
240 617 1582 671 19 Augustus Woensd. en Donderd. had Mieke weer koorts 39.8 en 40.1
238 683 1592 733 loopt nu weer rond. "Als we in een eigen huisje wonen, zal ik tegen
242 751 1546 801 Papa Guus zeggen, dat hij alleen maar zijn eigen kleeren hoeft te
240 817 1496 867 wasschen, ik zal wel voor de heele kongsie de borden wassen."
234 882 1608 938 Alle geinterneerden van Moentilan naar hier over gebracht - gelukkig
234 951 598 1004 medicijnen binnen.
234 1015 1646 1071 21 Aug. Ben heen en terug naar het station Ambarawa geweest met karren
240 1081 1586 1133 om een goederen-wagon te leegen. 't Was erg vermoeiend, maar 'k ben
240 1149 1004 1201 er geestelijk wel iets van op geknapt.
238 1212 1558 1269 23 Aug. Dag van sensatie - Climax - Indo - blanda's registreeren -
238 1280 1564 1331 alle etens voorraden uit de goedangs vrij gegeven. ± 4 uur zijn de
238 1345 1662 1399 Indo's toegesproken. Ze mogen in 1 à 2 dagen naar huis. Oorlog over????
240 1413 1584 1464 ± 11 uur 's morgens gingen de Heiho's weg en kwam Nippen bezetting.
240 1482 1628 1535 24 Aug. Indo's moeten pakken en binnen het uur gereed zijn. Half vijf
240 1548 1572 1597 eerste groep buiten de poort en weer terug! Vertrekken morgen. Nip
242 1612 1608 1665 zegt, als hij gegroet wordt "Tida boleh, hormat! Om 't gedek zwermen
246 1678 1602 1729 drommen inlanders en ruilen alles voor oude lappen. Alles wordt toe-
240 1747 1362 1800 gelaten, niemand verbied. 't Is precies een gekken huis.
242 1813 1644 1860 ± 5 uur riep Mevr. Prins (de kamp command.) verzamelen bij het kantoor
240 1876 1590 1932 en staande op een stoel zei ze: "De Nippon heeft me gevraagd U mede
238 1944 1608 1998 te deelen, dat de oorlog af-geloopen is". Een oor-verdoovend gejoel.
