<?xml version="1.0" encoding="UTF-8" standalone="yes"?>
<PcGts xmlns="http://schema.primaresearch.org/PAGE/gts/pagecontent/2013-07-15" xmlns:xsi="http://www.w3.org/2001/XMLSchema-instance" xsi:schemaLocation="http://schema.primaresearch.org/PAGE/gts/pagecontent/2013-07-15 http://schema.primaresearch.org/PAGE/gts/pagecontent/2013-07-15/pagecontent.xsd">
    <Metadata>
        <Creator>Transkribus</Creator>
        <Created>2024-10-04T16:38:50.985+02:00</Created>
        <LastChange>2024-10-11T15:46:40.682+02:00</LastChange>
        <TranskribusMetadata docId="4508828" pageId="79709917" pageNr="48" tsid="193089372" status="IN_PROGRESS" userId="145668" imgUrl="https://files.transkribus.eu/Get?id=GIPNVOIYVNIGQHYZBQDWHWRC&amp;fileType=view" xmlUrl="https://files.transkribus.eu/Get?id=XMNRKOFMBTCVTVPYAJYVBUKI" imageId="65103453"/>
    </Metadata>
    <Page imageFilename="0048_NL-AsdNIOD_401_0161_0049.jpg" imageWidth="1698" imageHeight="2381">
        <ReadingOrder>
            <OrderedGroup id="ro_1729171049648" caption="Regions reading order">
                <RegionRefIndexed index="0" regionRef="tr_1"/>
            </OrderedGroup>
        </ReadingOrder>
        <TextRegion orientation="0.0" id="tr_1" custom="readingOrder {index:0;}">
            <Coords points="220,321 220,1977 1668,1977 1668,321"/>
            <TextLine id="tr_1_tl_1" custom="readingOrder {index:0;}">
                <Coords points="820,372 851,370 882,372 913,374 944,370 944,321 913,325 882,323 851,321 820,323"/>
                <Baseline points="820,356 851,354 882,356 913,358 944,354"/>
            </TextLine>
            <TextLine id="tr_1_tl_2" custom="readingOrder {index:1;}">
                <Coords points="240,513 308,509 376,509 445,509 513,508 582,507 650,507 718,505 787,506 855,505 924,503 992,503 1060,502 1129,503 1197,502 1266,502 1334,499 1402,499 1471,499 1539,499 1608,501 1608,455 1539,453 1471,453 1402,453 1334,453 1266,456 1197,456 1129,457 1060,456 992,457 924,457 855,459 787,460 718,459 650,461 582,461 513,462 445,463 376,463 308,463 240,467"/>
                <Baseline points="240,498 308,494 376,494 445,494 513,493 582,492 650,492 718,490 787,491 855,490 924,488 992,488 1060,487 1129,488 1197,487 1266,487 1334,484 1402,484 1471,484 1539,484 1608,486"/>
                <TextEquiv>
                    <Unicode>Mevr. Prins werd lijkbleek en werd ondersteund, van emotie. Deed een</Unicode>
                </TextEquiv>
            </TextLine>
            <TextLine id="tr_1_tl_3" custom="readingOrder {index:2;}">
                <Coords points="240,579 308,577 376,577 445,577 513,575 582,575 650,573 718,574 787,572 855,571 924,571 992,569 1060,569 1129,569 1197,569 1266,568 1334,567 1402,565 1471,565 1539,565 1608,565 1608,519 1539,519 1471,519 1402,519 1334,521 1266,522 1197,523 1129,523 1060,523 992,523 924,525 855,525 787,526 718,528 650,527 582,529 513,529 445,531 376,531 308,531 240,533"/>
                <Baseline points="240,564 308,562 376,562 445,562 513,560 582,560 650,558 718,559 787,557 855,556 924,556 992,554 1060,554 1129,554 1197,554 1266,553 1334,552 1402,550 1471,550 1539,550 1608,550"/>
                <TextEquiv>
                    <Unicode>beroep op onze plichts-getrouwheid en sportiviteit. Daarna Wilhelmus
</Unicode>
                </TextEquiv>
            </TextLine>
            <TextLine id="tr_1_tl_4" custom="readingOrder {index:3;}">
                <Coords points="238,649 306,645 374,643 442,643 510,641 579,641 647,641 715,639 783,639 851,639 920,639 988,638 1056,637 1124,637 1192,635 1261,635 1329,635 1397,635 1465,634 1533,633 1602,629 1602,583 1533,587 1465,588 1397,589 1329,589 1261,589 1192,589 1124,591 1056,591 988,592 920,593 851,593 783,593 715,593 647,595 579,595 510,595 442,597 374,597 306,599 238,603"/>
                <Baseline points="238,634 306,630 374,628 442,628 510,626 579,626 647,626 715,624 783,624 851,624 920,624 988,623 1056,622 1124,622 1192,620 1261,620 1329,620 1397,620 1465,619 1533,618 1602,614"/>
                <TextEquiv>
                    <Unicode>gezongen, onduidelijk niemand kon bijna zingen van ont-roering. Nie-
</Unicode>
                </TextEquiv>
            </TextLine>
            <TextLine id="tr_1_tl_5" custom="readingOrder {index:4;}">
                <Coords points="240,714 265,712 291,712 317,710 343,710 369,710 395,710 421,710 447,710 472,710 498,710 524,710 550,709 576,708 602,708 628,708 654,708 680,710 680,662 654,660 628,660 602,660 576,660 550,661 524,662 498,662 472,662 447,662 421,662 395,662 369,662 343,662 317,662 291,664 265,664 240,666"/>
                <Baseline points="240,698 265,696 291,696 317,694 343,694 369,694 395,694 421,694 447,694 472,694 498,694 524,694 550,693 576,692 602,692 628,692 654,692 680,694"/>
                <TextEquiv>
                    <Unicode>mand sliep dien nacht.
</Unicode>
                </TextEquiv>
            </TextLine>
            <TextLine id="tr_1_tl_6" custom="readingOrder {index:5;}">
                <Coords points="238,785 304,779 370,779 436,775 503,775 569,775 635,773 702,772 768,773 834,771 901,771 967,771 1033,771 1099,769 1166,769 1232,769 1298,769 1365,768 1431,767 1497,767 1564,767 1564,722 1497,722 1431,722 1365,723 1298,724 1232,724 1166,724 1099,724 1033,726 967,726 901,726 834,726 768,728 702,727 635,728 569,730 503,730 436,730 370,734 304,734 238,740"/>
                <Baseline points="238,770 304,764 370,764 436,760 503,760 569,760 635,758 702,757 768,758 834,756 901,756 967,756 1033,756 1099,754 1166,754 1232,754 1298,754 1365,753 1431,752 1497,752 1564,752"/>
                <TextEquiv>
                    <Unicode>25 Aug. "Wel-come, freedom" op de daken geschilderd. Een laken met
</Unicode>
                </TextEquiv>
            </TextLine>
            <TextLine id="tr_1_tl_7" custom="readingOrder {index:6;}">
                <Coords points="248,845 313,843 378,843 443,841 508,841 573,839 638,839 703,839 768,839 833,839 899,837 964,837 1029,837 1094,835 1159,835 1224,837 1289,835 1354,833 1419,833 1484,833 1550,833 1550,788 1484,788 1419,788 1354,788 1289,790 1224,792 1159,790 1094,790 1029,792 964,792 899,792 833,794 768,794 703,794 638,794 573,794 508,796 443,796 378,798 313,798 248,800"/>
                <Baseline points="248,830 313,828 378,828 443,826 508,826 573,824 638,824 703,824 768,824 833,824 899,822 964,822 1029,822 1094,820 1159,820 1224,822 1289,820 1354,818 1419,818 1484,818 1550,818"/>
                <TextEquiv>
                    <Unicode>oranje letters voor event. neer te laten barang, maar vliegtuigen
</Unicode>
                </TextEquiv>
            </TextLine>
            <TextLine id="tr_1_tl_8" custom="readingOrder {index:7;}">
                <Coords points="242,912 311,910 380,910 449,910 518,908 588,908 657,907 726,906 795,906 864,906 934,906 1003,904 1072,904 1141,902 1210,902 1280,902 1349,902 1418,902 1487,900 1556,900 1626,906 1626,858 1556,852 1487,852 1418,854 1349,854 1280,854 1210,854 1141,854 1072,856 1003,856 934,858 864,858 795,858 726,858 657,859 588,860 518,860 449,862 380,862 311,862 242,864"/>
                <Baseline points="242,896 311,894 380,894 449,894 518,892 588,892 657,891 726,890 795,890 864,890 934,890 1003,888 1072,888 1141,886 1210,886 1280,886 1349,886 1418,886 1487,884 1556,884 1626,890"/>
                <TextEquiv>
                    <Unicode>kwamen niet. De Indo's zijn voor een deel naar huis. 't Is een chaos,
</Unicode>
                </TextEquiv>
            </TextLine>
            <TextLine id="tr_1_tl_9" custom="readingOrder {index:8;}">
                <Coords points="242,980 271,978 300,978 329,978 359,978 388,978 417,977 447,976 476,976 505,976 535,977 564,974 593,976 622,974 652,976 681,974 710,974 740,974 769,974 798,974 828,976 828,928 798,926 769,926 740,926 710,926 681,926 652,928 622,926 593,928 564,926 535,929 505,928 476,928 447,928 417,929 388,930 359,930 329,930 300,930 271,930 242,932"/>
                <Baseline points="242,964 271,962 300,962 329,962 359,962 388,962 417,961 447,960 476,960 505,960 535,961 564,958 593,960 622,958 652,960 681,958 710,958 740,958 769,958 798,958 828,960"/>
                <TextEquiv>
                    <Unicode>niemand begrijpt er iets van.
</Unicode>
                </TextEquiv>
            </TextLine>
            <TextLine id="tr_1_tl_10" custom="readingOrder {index:9;}">
                <Coords points="238,1050 305,1046 373,1044 440,1042 508,1042 575,1042 643,1042 710,1040 778,1040 845,1040 913,1038 980,1038 1048,1038 1115,1036 1183,1036 1250,1036 1318,1034 1385,1034 1453,1032 1520,1032 1588,1032 1588,984 1520,984 1453,984 1385,986 1318,986 1250,988 1183,988 1115,988 1048,990 980,990 913,990 845,992 778,992 710,992 643,994 575,994 508,994 440,994 373,996 305,998 238,1002"/>
                <Baseline points="238,1034 305,1030 373,1028 440,1026 508,1026 575,1026 643,1026 710,1024 778,1024 845,1024 913,1022 980,1022 1048,1022 1115,1020 1183,1020 1250,1020 1318,1018 1385,1018 1453,1016 1520,1016 1588,1016"/>
                <TextEquiv>
                    <Unicode>2 Sept  Reactie - kon eenige dagen niet schrijven. Javaansche Repu-
</Unicode>
                </TextEquiv>
            </TextLine>
            <TextLine id="tr_1_tl_11" custom="readingOrder {index:10;}">
                <Coords points="220,1110 287,1110 354,1109 421,1108 489,1108 556,1108 623,1106 691,1104 758,1104 825,1104 893,1104 960,1104 1027,1104 1094,1102 1162,1102 1229,1100 1296,1100 1364,1099 1431,1098 1498,1100 1566,1100 1566,1051 1498,1051 1431,1049 1364,1050 1296,1051 1229,1051 1162,1053 1094,1053 1027,1055 960,1055 893,1055 825,1055 758,1055 691,1055 623,1057 556,1059 489,1059 421,1059 354,1060 287,1061 220,1061"/>
                <Baseline points="220,1094 287,1094 354,1093 421,1092 489,1092 556,1092 623,1090 691,1088 758,1088 825,1088 893,1088 960,1088 1027,1088 1094,1086 1162,1086 1229,1084 1296,1084 1364,1083 1431,1082 1498,1084 1566,1084"/>
                <TextEquiv>
                    <Unicode>bliek Parindra heeft veel te vertellen - prijzen zijn fabelachtig.
</Unicode>
                </TextEquiv>
            </TextLine>
            <TextLine id="tr_1_tl_12" custom="readingOrder {index:11;}">
                <Coords points="226,1176 294,1176 362,1176 431,1176 499,1175 568,1174 636,1172 704,1172 773,1171 841,1170 910,1170 978,1170 1046,1170 1115,1170 1183,1168 1252,1168 1320,1168 1388,1166 1457,1166 1525,1166 1594,1164 1594,1115 1525,1117 1457,1117 1388,1117 1320,1119 1252,1119 1183,1119 1115,1121 1046,1121 978,1121 910,1121 841,1121 773,1122 704,1123 636,1123 568,1125 499,1126 431,1127 362,1127 294,1127 226,1127"/>
                <Baseline points="226,1160 294,1160 362,1160 431,1160 499,1159 568,1158 636,1156 704,1156 773,1155 841,1154 910,1154 978,1154 1046,1154 1115,1154 1183,1152 1252,1152 1320,1152 1388,1150 1457,1150 1525,1150 1594,1148"/>
                <TextEquiv>
                    <Unicode>Op koninginnendag kwamen 2 vliegtuigen laag over, iedereen stond te
</Unicode>
                </TextEquiv>
            </TextLine>
            <TextLine id="tr_1_tl_13" custom="readingOrder {index:12;}">
                <Coords points="242,1244 276,1243 310,1242 344,1242 379,1242 413,1242 447,1240 482,1242 516,1240 550,1240 585,1240 619,1240 653,1238 687,1238 722,1238 756,1238 790,1238 825,1238 859,1238 893,1238 928,1240 928,1191 893,1189 859,1189 825,1189 790,1189 756,1189 722,1189 687,1189 653,1189 619,1191 585,1191 550,1191 516,1191 482,1193 447,1191 413,1193 379,1193 344,1193 310,1193 276,1194 242,1195"/>
                <Baseline points="242,1228 276,1227 310,1226 344,1226 379,1226 413,1226 447,1224 482,1226 516,1224 550,1224 585,1224 619,1224 653,1222 687,1222 722,1222 756,1222 790,1222 825,1222 859,1222 893,1222 928,1224"/>
                <TextEquiv>
                    <Unicode>huilen - strooiden pamfletten uit.
</Unicode>
                </TextEquiv>
            </TextLine>
            <TextLine id="tr_1_tl_14" custom="readingOrder {index:13;}">
                <Coords points="250,1312 320,1308 390,1308 460,1307 530,1307 600,1306 670,1304 740,1304 810,1304 880,1303 951,1303 1021,1302 1091,1301 1161,1300 1231,1300 1301,1298 1371,1298 1441,1298 1511,1296 1581,1296 1652,1298 1652,1250 1581,1248 1511,1248 1441,1250 1371,1250 1301,1250 1231,1252 1161,1252 1091,1253 1021,1254 951,1255 880,1255 810,1256 740,1256 670,1256 600,1258 530,1259 460,1259 390,1260 320,1260 250,1264"/>
                <Baseline points="250,1296 320,1292 390,1292 460,1291 530,1291 600,1290 670,1288 740,1288 810,1288 880,1287 951,1287 1021,1286 1091,1285 1161,1284 1231,1284 1301,1282 1371,1282 1441,1282 1511,1280 1581,1280 1652,1282"/>
                <TextEquiv>
                    <Unicode>Komen iederen dag nieuws berichten binnen - Totok worden aangeraden in
</Unicode>
                </TextEquiv>
            </TextLine>
            <TextLine id="tr_1_tl_15" custom="readingOrder {index:14;}">
                <Coords points="248,1377 319,1375 390,1373 461,1373 532,1373 603,1371 674,1371 745,1369 816,1369 887,1369 958,1367 1029,1367 1100,1365 1171,1365 1242,1363 1313,1365 1384,1363 1455,1365 1526,1363 1597,1363 1668,1367 1668,1321 1597,1317 1526,1317 1455,1319 1384,1317 1313,1319 1242,1317 1171,1319 1100,1319 1029,1321 958,1321 887,1323 816,1323 745,1323 674,1325 603,1325 532,1327 461,1327 390,1327 319,1329 248,1331"/>
                <Baseline points="248,1362 319,1360 390,1358 461,1358 532,1358 603,1356 674,1356 745,1354 816,1354 887,1354 958,1352 1029,1352 1100,1350 1171,1350 1242,1348 1313,1350 1384,1348 1455,1350 1526,1348 1597,1348 1668,1352"/>
                <TextEquiv>
                    <Unicode>de kampen te blijven. 'k Heb even omgewandeld en wat bloempjes geplukt,
</Unicode>
                </TextEquiv>
            </TextLine>
            <TextLine id="tr_1_tl_16" custom="readingOrder {index:15;}">
                <Coords points="246,1441 296,1439 347,1441 397,1440 448,1439 498,1439 549,1439 599,1437 650,1437 700,1437 751,1437 801,1437 852,1437 902,1435 953,1435 1003,1434 1054,1433 1104,1433 1155,1432 1205,1432 1256,1435 1256,1389 1205,1386 1155,1386 1104,1387 1054,1387 1003,1388 953,1389 902,1389 852,1391 801,1391 751,1391 700,1391 650,1391 599,1391 549,1393 498,1393 448,1393 397,1394 347,1395 296,1393 246,1395"/>
                <Baseline points="246,1426 296,1424 347,1426 397,1425 448,1424 498,1424 549,1424 599,1422 650,1422 700,1422 751,1422 801,1422 852,1422 902,1420 953,1420 1003,1419 1054,1418 1104,1418 1155,1417 1205,1417 1256,1420"/>
                <TextEquiv>
                    <Unicode>maar 'k voel me zóo moe, 'k heb ook geen eet lust.
</Unicode>
                </TextEquiv>
            </TextLine>
            <TextLine id="tr_1_tl_17" custom="readingOrder {index:16;}">
                <Coords points="252,1512 318,1508 384,1508 450,1507 516,1506 582,1504 648,1504 714,1504 780,1504 846,1503 913,1502 979,1500 1045,1501 1111,1500 1177,1498 1243,1498 1309,1498 1375,1497 1441,1496 1507,1496 1574,1498 1574,1450 1507,1448 1441,1448 1375,1449 1309,1450 1243,1450 1177,1450 1111,1452 1045,1453 979,1452 913,1454 846,1455 780,1456 714,1456 648,1456 582,1456 516,1458 450,1459 384,1460 318,1460 252,1464"/>
                <Baseline points="252,1496 318,1492 384,1492 450,1491 516,1490 582,1488 648,1488 714,1488 780,1488 846,1487 913,1486 979,1484 1045,1485 1111,1484 1177,1482 1243,1482 1309,1482 1375,1481 1441,1480 1507,1480 1574,1482"/>
                <TextEquiv>
                    <Unicode>6 Sept Met Ella de Weert voor 't eerst naar het dorp geweest op de
</Unicode>
                </TextEquiv>
            </TextLine>
            <TextLine id="tr_1_tl_18" custom="readingOrder {index:17;}">
                <Coords points="252,1580 312,1574 372,1574 432,1574 492,1574 553,1572 613,1572 673,1570 733,1570 793,1570 854,1570 914,1570 974,1568 1034,1568 1094,1568 1155,1566 1215,1566 1275,1566 1335,1564 1395,1564 1456,1566 1456,1518 1395,1516 1335,1516 1275,1518 1215,1518 1155,1518 1094,1520 1034,1520 974,1520 914,1522 854,1522 793,1522 733,1522 673,1522 613,1524 553,1524 492,1526 432,1526 372,1526 312,1526 252,1532"/>
                <Baseline points="252,1564 312,1558 372,1558 432,1558 492,1558 553,1556 613,1556 673,1554 733,1554 793,1554 854,1554 914,1554 974,1552 1034,1552 1094,1552 1155,1550 1215,1550 1275,1550 1335,1548 1395,1548 1456,1550"/>
                <TextEquiv>
                    <Unicode>passar en bij een chinees gegeten en gado-gado mee gebracht.
</Unicode>
                </TextEquiv>
            </TextLine>
            <TextLine id="tr_1_tl_19" custom="readingOrder {index:18;}">
                <Coords points="248,1647 314,1641 381,1639 447,1639 514,1639 580,1637 647,1635 713,1635 780,1636 846,1635 913,1635 979,1633 1046,1633 1112,1631 1179,1630 1245,1629 1312,1629 1378,1628 1445,1628 1511,1627 1578,1627 1578,1581 1511,1581 1445,1582 1378,1582 1312,1583 1245,1583 1179,1584 1112,1585 1046,1587 979,1587 913,1589 846,1589 780,1590 713,1589 647,1589 580,1591 514,1593 447,1593 381,1593 314,1595 248,1601"/>
                <Baseline points="248,1632 314,1626 381,1624 447,1624 514,1624 580,1622 647,1620 713,1620 780,1621 846,1620 913,1620 979,1618 1046,1618 1112,1616 1179,1615 1245,1614 1312,1614 1378,1613 1445,1613 1511,1612 1578,1612"/>
                <TextEquiv>
                    <Unicode>16 Sept Guus' verjaardag gevierd met Cissy - Sonja - Ella en Lucie
</Unicode>
                </TextEquiv>
            </TextLine>
            <TextLine id="tr_1_tl_20" custom="readingOrder {index:19;}">
                <Coords points="250,1709 316,1707 382,1707 448,1707 514,1707 581,1705 647,1703 713,1703 779,1703 845,1701 912,1701 978,1701 1044,1699 1110,1698 1176,1697 1243,1697 1309,1695 1375,1696 1441,1695 1507,1695 1574,1695 1574,1649 1507,1649 1441,1649 1375,1650 1309,1649 1243,1651 1176,1651 1110,1652 1044,1653 978,1655 912,1655 845,1655 779,1657 713,1657 647,1657 581,1659 514,1661 448,1661 382,1661 316,1661 250,1663"/>
                <Baseline points="250,1694 316,1692 382,1692 448,1692 514,1692 581,1690 647,1688 713,1688 779,1688 845,1686 912,1686 978,1686 1044,1684 1110,1683 1176,1682 1243,1682 1309,1680 1375,1681 1441,1680 1507,1680 1574,1680"/>
                <TextEquiv>
                    <Unicode>nassi goreng gegeten in het J.M.C. huis en invalid port gedronken.
</Unicode>
                </TextEquiv>
            </TextLine>
            <TextLine id="tr_1_tl_21" custom="readingOrder {index:20;}">
                <Coords points="252,1780 320,1776 388,1774 456,1772 525,1771 593,1768 661,1768 730,1767 798,1767 866,1766 935,1766 1003,1765 1071,1764 1139,1762 1208,1762 1276,1762 1344,1762 1413,1760 1481,1760 1549,1759 1618,1762 1618,1719 1549,1716 1481,1717 1413,1717 1344,1719 1276,1719 1208,1719 1139,1719 1071,1721 1003,1722 935,1723 866,1723 798,1724 730,1724 661,1725 593,1725 525,1728 456,1729 388,1731 320,1733 252,1737"/>
                <Baseline points="252,1766 320,1762 388,1760 456,1758 525,1757 593,1754 661,1754 730,1753 798,1753 866,1752 935,1752 1003,1751 1071,1750 1139,1748 1208,1748 1276,1748 1344,1748 1413,1746 1481,1746 1549,1745 1618,1748"/>
                <TextEquiv>
                    <Unicode>17 Sept. Cissy - Sonja - Jopie en Ella vertrokken. Ik was juist ziek
</Unicode>
                </TextEquiv>
            </TextLine>
            <TextLine id="tr_1_tl_22" custom="readingOrder {index:21;}">
                <Coords points="256,1838 308,1838 360,1839 412,1840 464,1838 517,1838 569,1837 621,1835 673,1834 725,1836 778,1834 830,1834 882,1834 934,1832 986,1831 1039,1830 1091,1830 1143,1828 1195,1828 1247,1828 1300,1832 1300,1789 1247,1785 1195,1785 1143,1785 1091,1787 1039,1787 986,1788 934,1789 882,1791 830,1791 778,1791 725,1793 673,1791 621,1792 569,1794 517,1795 464,1795 412,1797 360,1796 308,1795 256,1795"/>
                <Baseline points="256,1824 308,1824 360,1825 412,1826 464,1824 517,1824 569,1823 621,1821 673,1820 725,1822 778,1820 830,1820 882,1820 934,1818 986,1817 1039,1816 1091,1816 1143,1814 1195,1814 1247,1814 1300,1818"/>
                <TextEquiv>
                    <Unicode>dien dag. Reuze jammer. Kon ze geen uitgeleide doen
</Unicode>
                </TextEquiv>
            </TextLine>
            <TextLine id="tr_1_tl_23" custom="readingOrder {index:22;}">
                <Coords points="250,1908 318,1908 387,1908 455,1906 524,1905 593,1904 661,1904 730,1903 798,1902 867,1902 936,1899 1004,1899 1073,1898 1141,1896 1210,1897 1279,1897 1347,1896 1416,1896 1484,1894 1553,1894 1622,1892 1622,1844 1553,1846 1484,1846 1416,1848 1347,1848 1279,1849 1210,1849 1141,1848 1073,1850 1004,1851 936,1851 867,1854 798,1854 730,1855 661,1856 593,1856 524,1857 455,1858 387,1860 318,1860 250,1860"/>
                <Baseline points="250,1892 318,1892 387,1892 455,1890 524,1889 593,1888 661,1888 730,1887 798,1886 867,1886 936,1883 1004,1883 1073,1882 1141,1880 1210,1881 1279,1881 1347,1880 1416,1880 1484,1878 1553,1878 1622,1876"/>
                <TextEquiv>
                    <Unicode>Ben weer ovolkomen af-geknapt, krijg staal pillen en ziekensoep. Heb
</Unicode>
                </TextEquiv>
            </TextLine>
            <TextLine id="tr_1_tl_24" custom="readingOrder {index:23;}">
                <Coords points="256,1977 324,1973 392,1973 460,1972 528,1971 596,1969 664,1969 732,1968 800,1967 868,1967 937,1967 1005,1965 1073,1965 1141,1963 1209,1963 1277,1962 1345,1961 1413,1961 1481,1961 1549,1961 1618,1955 1618,1909 1549,1915 1481,1915 1413,1915 1345,1915 1277,1916 1209,1917 1141,1917 1073,1919 1005,1919 937,1921 868,1921 800,1921 732,1922 664,1923 596,1923 528,1925 460,1926 392,1927 324,1927 256,1931"/>
                <Baseline points="256,1962 324,1958 392,1958 460,1957 528,1956 596,1954 664,1954 732,1953 800,1952 868,1952 937,1952 1005,1950 1073,1950 1141,1948 1209,1948 1277,1947 1345,1946 1413,1946 1481,1946 1549,1946 1618,1940"/>
                <TextEquiv>
                    <Unicode>steeds huil-buien. Al die vliegtuigen, die laag over scheren en pak-</Unicode>
                </TextEquiv>
            </TextLine>
        </TextRegion>
    </Page>
</PcGts>
