1704 2383
211 457 1579 509 ken uitgooien, daarbij het gejoel van de kinderen 't Is te veel voor
211 525 1541 577 mijn zenuwen. Steeds komen er mannen binnen - berichten - brieven.
213 591 615 643 Nooit iets voor mij.
273 664 441 713 19 Sept.
213 726 1559 775 Vanmorgen zag ik in een circuleerende lijst, dat Gijs Driessen Nov.
221 789 1541 843 1943 ver-dronken is. Het laat me niet los. Ik kan geen contact met
211 855 1079 909 Bep krijgen - ook Tan stuurt geen antwoord.
215 923 1619 974 Laatst huilde ik en trooste Mieke me: "Heusch, jij krijgt ook wel eens
217 989 1541 1040 een brief van onze man en ga me nu voor lezen, dan mag je strakjes
211 1056 613 1106 weer verder huilen!"
921 1062 969 1119 [...]
193 1121 1597 1173 24 Sept. Lady Mountbatten bezocht vanmiddag ons kamp. Eén van de kam-
215 1187 1603 1241 pen, die het eerst geluiquideerd moeten worden, was haar oordeel. Eén
219 1255 721 1307 van de slechtste op Java.
215 1321 1555 1373 Ik ben weer wat beter, doe nu een kinine kuur. Soerabaya is nog on-
213 1389 701 1441 rustig overal relletjes.
211 1455 1343 1513 28 Sept. Maandag 1 Oct. naar Soerabaya. Hoera - Hoera!!!
217 1523 998 1576 1 Oct (.in den trein) Onbeschrijvelijk!
215 1587 1641 1638 Toen de autobus het kamp uitreed, had ik moeite me goed te houden. Voor
215 1651 1581 1705 altijd weg van die hel, die me bijna het leven kostte. Alles is uit-
215 1719 1179 1771 stekend geregeld. "Wouters" is onze treinleider!
211 1787 881 1843 2Oct. 's avonds Karamat29straat 4.
217 1851 1583 1910 12 Oct. De dag, dat we aankwamen was het een chaos. 's Nachts was de
215 1919 1605 1972 Nipsche bezetting op-gepakt door de Inlanders, die door de stad reden
