1723 2395
249 464 1625 516 met vracht auto's met stokken en bamboespiesen en riepen "Merdeka".
257 528 1599 580 Ons huis in Kar30amatastr. werd eenige malen met een bezoek van gewa-
257 597 1563 652 pende Inlanders vereerd. We kregen de eerste 2 dagen alleen droge
253 664 1607 716 rijst met een blikje corned beef. Nu iets beter - wat soep en tempé
257 729 1643 782 erbij. 4 Oct ben ik van de passar naar de Kampong gegaan, waar kokkie
251 796 1599 846 woonde. Ze huilde toen me zag, vroeg naar de Toean en de Nonnie.
257 862 1583 914 Ik beloofde met Mieke terug te komen. Tegen 12 uur werden we breed
253 924 1523 980 uit ontvangen door Païna en Ismoen. We kregen mangga aromanis -
253 993 1569 1047 nassi-saté kambing - sajoer basah en seteroop ès. 't Was een ware
255 1058 1609 1113 slamatan. De dag daarop stuurde ze, Sakri met een pan rijst, waarin
259 1125 1639 1183 een ajam smoor kerrie. Zalig! Ze was "takoet" om het zelf te brengen.
357 1192 1621 1247 Zondagmiddag ging ik naar Tan. Het eerste wat ik zag toen ik de
257 1258 1579 1313 voor galerij instapte, waren twee van mijn tafelkleedjes, die daar
255 1327 1605 1381 over de tafels pronkten. Dus danig in mijn koffers geneusd. Tan Tik
251 1398 719 1449 Ho was zelf niet thuis.
259 1457 1641 1515 De volgende dag kwam Tan's zwager en bracht gekookte aard - groente -
263 1529 1603 1583 vleesch - jus - 2 mangga's en tandpasta en borstels en zeep. Dinsd.
255 1599 745 1651 kwam Tan zelf op bezoek.
359 1661 1609 1717 Ik ging naar de kapper, meette me een perm. aan en voel me wat
261 1735 585 1786 geciviliceerder.
259 1795 1585 1848 Mieke bid 's avonds: "Lieve Heer, dank U wel, dat we in een huisje
259 1857 1609 1915 wonen. Wilt U Papa Guus ook bij ons brengen? Kant U het wel? Anders
261 1928 803 1981 zal ik U wel helpen! Amen".
