1706 2388
202 470 1596 538 De eerste dag van 't spelen moe, vroeg ze: "Mag ik nu mijn schoentjes
212 544 752 604 uit en op de brits spelen?"
206 597 1616 673 Zaterdag 13 Oct. Van morgen vroeg kregen we de boodschap, dat we waar-
210 669 1580 737 schijnlijk verhuizen moesten. We gingen druk aan 't pakken. Mevr. v.
210 733 1644 801 Campen met wie we de slaapkamer deelen zou bij ons blijven. We komen in
214 798 1598 870 een garage in de Baweanstraat 22. In het huis zit Mia Diephuis - Trui
214 864 1584 936 Dijkstra en Mevr. Franque-mou31t met de tweelingen. We worden geboycot
216 943 938 1003 onder dwang van gewapende Inlanders.
214 999 1542 1071 Niemand mag ons verkoopen, hoewel sommigen het graag zouden willen
214 1064 1602 1138 doen, durven ze niet. voor de T.K.R. en de P.R.I. en weet ik wat voor
218 1132 1662 1208 politieke, gewapende, partijen er meer zijn. We mogen niet meer in de tra
222 1215 800 1273 tram en niet meer op de pont.
222 1267 1616 1339 Om ± 4 uur hoorden we, dat de verhuizing niet door ging en dus pakken
222 1346 864 1410 we alles maar weer vroolijk uit.
224 1400 1576 1474 Zondag 14 Oct. Om elf uur hoorden we, dat we toch verhuizen moesten
226 1476 1072 1542 en wel dèze zelfden dag nog. Wat nu weer??
230 1534 1594 1606 Terwijl ik aan 't pakken was in de slaapkamer en Mieke rondliep, lag
230 1598 1560 1674 Mevr. v. Campen op haar matras op de grond. Een Inlander met sleep
232 1663 1614 1741 sabel en sigaret in zijn mond, kwam tot de slaapkamer en vroeg om api
236 1730 1620 1807 (vuur.) Ik was zóo druk en zei : "Tida ada" (is 't er niet.) Hij liep
234 1796 1564 1869 echter dóor naar de keuken, waar één van de andere bewoonsters een
230 1862 1638 1938 smeulend houtskool vuurtje had laten staan. Toen hij dat zag, trok hij
234 1928 1604 2008 zijn sabel en zwaaide het ding boven zijn hoofd heen en weer. Kenapa
