<?xml version="1.0" encoding="UTF-8" standalone="yes"?>
<PcGts xmlns="http://schema.primaresearch.org/PAGE/gts/pagecontent/2013-07-15" xmlns:xsi="http://www.w3.org/2001/XMLSchema-instance" xsi:schemaLocation="http://schema.primaresearch.org/PAGE/gts/pagecontent/2013-07-15 http://schema.primaresearch.org/PAGE/gts/pagecontent/2013-07-15/pagecontent.xsd">
    <Metadata>
        <Creator>Transkribus</Creator>
        <Created>2024-10-04T16:38:51.422+02:00</Created>
        <LastChange>2024-10-16T18:26:49.267+02:00</LastChange>
        <TranskribusMetadata docId="4508828" pageId="79709919" pageNr="52" tsid="194183431" status="IN_PROGRESS" userId="145668" imgUrl="https://files.transkribus.eu/Get?id=JTYTTTRZVOLKUTSOQOXKAQWC&amp;fileType=view" xmlUrl="https://files.transkribus.eu/Get?id=HXRJXQAQMLSAWVZOYTYEDQHB" imageId="65103862"/>
    </Metadata>
    <Page imageFilename="0052_NL-AsdNIOD_401_0161_0053.jpg" imageWidth="1717" imageHeight="2389">
        <ReadingOrder>
            <OrderedGroup id="ro_1729171049698" caption="Regions reading order">
                <RegionRefIndexed index="0" regionRef="tr_1"/>
            </OrderedGroup>
        </ReadingOrder>
        <TextRegion orientation="0.0" id="tr_1" custom="readingOrder {index:0;}">
            <Coords points="226,339 226,1999 1674,1999 1674,339"/>
            <TextLine id="tr_1_tl_1" custom="readingOrder {index:0;}">
                <Coords points="836,388 863,395 891,394 918,394 946,390 946,341 918,345 891,345 863,346 836,339"/>
                <Baseline points="836,372 863,379 891,378 918,378 946,374"/>
            </TextLine>
            <TextLine id="tr_1_tl_2" custom="readingOrder {index:1;}">
                <Coords points="230,534 302,534 374,533 446,532 518,530 591,530 663,528 735,528 807,528 879,527 952,526 1024,524 1096,523 1168,524 1240,522 1313,520 1385,520 1457,520 1529,518 1601,516 1674,516 1674,468 1601,468 1529,470 1457,472 1385,472 1313,472 1240,474 1168,476 1096,475 1024,476 952,478 879,479 807,480 735,480 663,480 591,482 518,482 446,484 374,485 302,486 230,486"/>
                <Baseline points="230,518 302,518 374,517 446,516 518,514 591,514 663,512 735,512 807,512 879,511 952,510 1024,508 1096,507 1168,508 1240,506 1313,504 1385,504 1457,504 1529,502 1601,500 1674,500"/>
                <TextEquiv>
                    <Unicode>bilang tida boleh", brulde hij (waarom "zeg je "mag" niet.) mijn woorden</Unicode>
                </TextEquiv>
            </TextLine>
            <TextLine id="tr_1_tl_3" custom="readingOrder {index:2;}">
                <Coords points="232,602 301,600 370,600 439,598 508,598 578,596 647,596 716,594 785,594 854,594 924,592 993,592 1062,590 1131,590 1200,588 1270,587 1339,586 1408,584 1477,584 1546,584 1616,582 1616,534 1546,536 1477,536 1408,536 1339,538 1270,539 1200,540 1131,542 1062,542 993,544 924,544 854,546 785,546 716,546 647,548 578,548 508,550 439,550 370,552 301,552 232,554"/>
                <Baseline points="232,586 301,584 370,584 439,582 508,582 578,580 647,580 716,578 785,578 854,578 924,576 993,576 1062,574 1131,574 1200,572 1270,571 1339,570 1408,568 1477,568 1546,568 1616,566"/>
                <TextEquiv>
                    <Unicode>verdraaiend. Ik draaide me om en liep terug en hij maar achter me met
</Unicode>
                </TextEquiv>
            </TextLine>
            <TextLine id="tr_1_tl_4" custom="readingOrder {index:3;}">
                <Coords points="234,670 300,668 366,666 432,666 498,664 564,664 630,664 696,662 762,661 828,660 894,658 960,658 1026,657 1092,656 1158,654 1224,654 1290,654 1356,652 1422,652 1488,652 1554,654 1554,606 1488,604 1422,604 1356,604 1290,606 1224,606 1158,606 1092,608 1026,609 960,610 894,610 828,612 762,613 696,614 630,616 564,616 498,616 432,618 366,618 300,620 234,622"/>
                <Baseline points="234,654 300,652 366,650 432,650 498,648 564,648 630,648 696,646 762,645 828,644 894,642 960,642 1026,641 1092,640 1158,638 1224,638 1290,638 1356,636 1422,636 1488,636 1554,638"/>
                <TextEquiv>
                    <Unicode>ontblote sabel. Mevr. v. Campen schrok zich dood, toen ze het zag.
</Unicode>
                </TextEquiv>
            </TextLine>
            <TextLine id="tr_1_tl_5" custom="readingOrder {index:4;}">
                <Coords points="230,738 300,735 371,734 441,734 512,732 583,731 653,730 724,728 794,728 865,728 936,727 1006,726 1077,724 1147,722 1218,722 1289,720 1359,719 1430,718 1500,718 1571,717 1642,716 1642,668 1571,669 1500,670 1430,670 1359,671 1289,672 1218,674 1147,674 1077,676 1006,678 936,679 865,680 794,680 724,680 653,682 583,683 512,684 441,686 371,686 300,687 230,690"/>
                <Baseline points="230,722 300,719 371,718 441,718 512,716 583,715 653,714 724,712 794,712 865,712 936,711 1006,710 1077,708 1147,706 1218,706 1289,704 1359,703 1430,702 1500,702 1571,701 1642,700"/>
                <TextEquiv>
                    <Unicode>Terwijl ik me bukte om iets op te rapen, greep de vent me van achteren
</Unicode>
                </TextEquiv>
            </TextLine>
            <TextLine id="tr_1_tl_6" custom="readingOrder {index:5;}">
                <Coords points="234,804 300,802 366,802 433,801 499,800 566,798 632,796 698,796 765,795 831,794 898,792 964,792 1030,791 1097,790 1163,789 1230,788 1296,786 1362,786 1429,786 1495,784 1562,790 1562,742 1495,736 1429,738 1362,738 1296,738 1230,740 1163,741 1097,742 1030,743 964,744 898,744 831,746 765,747 698,748 632,748 566,750 499,752 433,753 366,754 300,754 234,756"/>
                <Baseline points="234,788 300,786 366,786 433,785 499,784 566,782 632,780 698,780 765,779 831,778 898,776 964,776 1030,775 1097,774 1163,773 1230,772 1296,770 1362,770 1429,770 1495,768 1562,774"/>
                <TextEquiv>
                    <Unicode>in mijn nek. Ik werd razend, die vent met z'n vuile pooten! 'k Zag
</Unicode>
                </TextEquiv>
            </TextLine>
            <TextLine id="tr_1_tl_7" custom="readingOrder {index:6;}">
                <Coords points="234,870 302,868 370,868 439,866 507,865 576,864 644,864 712,862 781,862 849,860 918,860 986,858 1054,857 1123,856 1191,854 1260,854 1328,852 1396,852 1465,851 1533,850 1602,852 1602,804 1533,802 1465,803 1396,804 1328,804 1260,806 1191,806 1123,808 1054,809 986,810 918,812 849,812 781,814 712,814 644,816 576,816 507,817 439,818 370,820 302,820 234,822"/>
                <Baseline points="234,854 302,852 370,852 439,850 507,849 576,848 644,848 712,846 781,846 849,844 918,844 986,842 1054,841 1123,840 1191,838 1260,838 1328,836 1396,836 1465,835 1533,834 1602,836"/>
                <TextEquiv>
                    <Unicode>bleek van woede: zei Mevr. v. Campen, maar 't was misschien meer van
</Unicode>
                </TextEquiv>
            </TextLine>
            <TextLine id="tr_1_tl_8" custom="readingOrder {index:7;}">
                <Coords points="232,935 300,934 368,935 437,933 505,931 574,929 642,929 710,927 779,927 847,927 916,925 984,925 1052,923 1121,923 1189,921 1258,919 1326,917 1394,917 1463,917 1531,915 1600,915 1600,869 1531,869 1463,871 1394,871 1326,871 1258,873 1189,875 1121,877 1052,877 984,879 916,879 847,881 779,881 710,881 642,883 574,883 505,885 437,887 368,889 300,888 232,889"/>
                <Baseline points="232,920 300,919 368,920 437,918 505,916 574,914 642,914 710,912 779,912 847,912 916,910 984,910 1052,908 1121,908 1189,906 1258,904 1326,902 1394,902 1463,902 1531,900 1600,900"/>
                <TextEquiv>
                    <Unicode>angst, want je weet nooit van die lui, wat ze in een overmoedige bui
</Unicode>
                </TextEquiv>
            </TextLine>
            <TextLine id="tr_1_tl_9" custom="readingOrder {index:8;}">
                <Coords points="232,1001 258,999 285,999 312,1000 339,1000 366,999 393,999 420,999 447,999 474,1001 474,955 447,953 420,953 393,953 366,953 339,954 312,954 285,953 258,953 232,955"/>
                <Baseline points="232,986 258,984 285,984 312,985 339,985 366,984 393,984 420,984 447,984 474,986"/>
                <TextEquiv>
                    <Unicode>doen zullen.
</Unicode>
                </TextEquiv>
            </TextLine>
            <TextLine id="tr_1_tl_10" custom="readingOrder {index:9;}">
                <Coords points="234,1069 303,1065 372,1068 441,1067 510,1065 580,1063 649,1061 718,1061 787,1059 856,1058 926,1057 995,1057 1064,1055 1133,1055 1202,1053 1272,1052 1341,1051 1410,1049 1479,1049 1548,1049 1618,1043 1618,997 1548,1003 1479,1003 1410,1003 1341,1005 1272,1006 1202,1007 1133,1009 1064,1009 995,1011 926,1011 856,1012 787,1013 718,1015 649,1015 580,1017 510,1019 441,1021 372,1022 303,1019 234,1023"/>
                <Baseline points="234,1054 303,1050 372,1053 441,1052 510,1050 580,1048 649,1046 718,1046 787,1044 856,1043 926,1042 995,1042 1064,1040 1133,1040 1202,1038 1272,1037 1341,1036 1410,1034 1479,1034 1548,1034 1618,1028"/>
                <TextEquiv>
                    <Unicode>Dinsdag 16 Oct. Gisteren rot dag. Alle mannen op gepakt tusschen 13 -
</Unicode>
                </TextEquiv>
            </TextLine>
            <TextLine id="tr_1_tl_11" custom="readingOrder {index:10;}">
                <Coords points="242,1135 309,1134 376,1133 443,1131 510,1131 578,1129 645,1127 712,1125 779,1125 846,1123 914,1123 981,1121 1048,1121 1115,1119 1182,1119 1250,1119 1317,1117 1384,1117 1451,1116 1518,1115 1586,1117 1586,1071 1518,1069 1451,1070 1384,1071 1317,1071 1250,1073 1182,1073 1115,1073 1048,1075 981,1075 914,1077 846,1077 779,1079 712,1079 645,1081 578,1083 510,1085 443,1085 376,1087 309,1088 242,1089"/>
                <Baseline points="242,1120 309,1119 376,1118 443,1116 510,1116 578,1114 645,1112 712,1110 779,1110 846,1108 914,1108 981,1106 1048,1106 1115,1104 1182,1104 1250,1104 1317,1102 1384,1102 1451,1101 1518,1100 1586,1102"/>
                <TextEquiv>
                    <Unicode>60 jaar. Komt er dan nooit een einde aan? Waterleiding is overal af
</Unicode>
                </TextEquiv>
            </TextLine>
            <TextLine id="tr_1_tl_12" custom="readingOrder {index:11;}">
                <Coords points="242,1204 268,1200 295,1200 322,1199 349,1198 376,1198 403,1198 430,1197 457,1196 484,1196 511,1196 537,1194 564,1194 591,1193 618,1193 645,1193 672,1192 699,1192 726,1192 753,1194 780,1196 780,1153 753,1151 726,1149 699,1149 672,1149 645,1150 618,1150 591,1150 564,1151 537,1151 511,1153 484,1153 457,1153 430,1154 403,1155 376,1155 349,1155 322,1156 295,1157 268,1157 242,1161"/>
                <Baseline points="242,1190 268,1186 295,1186 322,1185 349,1184 376,1184 403,1184 430,1183 457,1182 484,1182 511,1182 537,1180 564,1180 591,1179 618,1179 645,1179 672,1178 699,1178 726,1178 753,1180 780,1182"/>
                <TextEquiv>
                    <Unicode>gesneden. Eten zèer weinig.
</Unicode>
                </TextEquiv>
            </TextLine>
            <TextLine id="tr_1_tl_13" custom="readingOrder {index:12;}">
                <Coords points="240,1264 309,1267 378,1266 447,1266 516,1262 585,1260 654,1258 723,1258 792,1257 861,1256 930,1254 999,1254 1068,1253 1137,1252 1206,1250 1275,1250 1344,1248 1413,1248 1482,1248 1551,1246 1620,1248 1620,1205 1551,1203 1482,1205 1413,1205 1344,1205 1275,1207 1206,1207 1137,1209 1068,1210 999,1211 930,1211 861,1213 792,1214 723,1215 654,1215 585,1217 516,1219 447,1223 378,1223 309,1224 240,1221"/>
                <Baseline points="240,1250 309,1253 378,1252 447,1252 516,1248 585,1246 654,1244 723,1244 792,1243 861,1242 930,1240 999,1240 1068,1239 1137,1238 1206,1236 1275,1236 1344,1234 1413,1234 1482,1234 1551,1232 1620,1234"/>
                <TextEquiv>
                    <Unicode>Woensd. 17 Oct. Toestand zonder water. We slepen van 10 huizen verder
</Unicode>
                </TextEquiv>
            </TextLine>
            <TextLine id="tr_1_tl_14" custom="readingOrder {index:13;}">
                <Coords points="242,1337 309,1334 376,1333 443,1331 510,1331 578,1329 645,1327 712,1327 779,1325 846,1325 914,1325 981,1323 1048,1323 1115,1321 1182,1319 1250,1317 1317,1317 1384,1317 1451,1317 1518,1315 1586,1319 1586,1273 1518,1269 1451,1271 1384,1271 1317,1271 1250,1271 1182,1273 1115,1275 1048,1277 981,1277 914,1279 846,1279 779,1279 712,1281 645,1281 578,1283 510,1285 443,1285 376,1287 309,1288 242,1291"/>
                <Baseline points="242,1322 309,1319 376,1318 443,1316 510,1316 578,1314 645,1312 712,1312 779,1310 846,1310 914,1310 981,1308 1048,1308 1115,1306 1182,1304 1250,1302 1317,1302 1384,1302 1451,1302 1518,1300 1586,1304"/>
                <TextEquiv>
                    <Unicode>in de straat met emmers ons drink- en gebruiks water aan. Ik ga bij
</Unicode>
                </TextEquiv>
            </TextLine>
            <TextLine id="tr_1_tl_15" custom="readingOrder {index:14;}">
                <Coords points="240,1401 310,1399 380,1399 450,1399 521,1397 591,1395 661,1393 732,1393 802,1391 872,1391 943,1391 1013,1389 1083,1389 1153,1386 1224,1385 1294,1384 1364,1383 1435,1383 1505,1381 1575,1379 1646,1379 1646,1333 1575,1333 1505,1335 1435,1337 1364,1337 1294,1338 1224,1339 1153,1340 1083,1343 1013,1343 943,1345 872,1345 802,1345 732,1347 661,1347 591,1349 521,1351 450,1353 380,1353 310,1353 240,1355"/>
                <Baseline points="240,1386 310,1384 380,1384 450,1384 521,1382 591,1380 661,1378 732,1378 802,1376 872,1376 943,1376 1013,1374 1083,1374 1153,1371 1224,1370 1294,1369 1364,1368 1435,1368 1505,1366 1575,1364 1646,1364"/>
                <TextEquiv>
                    <Unicode>Ans Hasselbach in de Sumatrastr. wasschen en mandïëen. Van middag wan-
</Unicode>
                </TextEquiv>
            </TextLine>
            <TextLine id="tr_1_tl_16" custom="readingOrder {index:15;}">
                <Coords points="242,1470 312,1466 382,1468 452,1466 523,1464 593,1462 663,1460 734,1460 804,1458 874,1458 945,1458 1015,1456 1085,1456 1155,1454 1226,1452 1296,1450 1366,1450 1437,1450 1507,1448 1577,1447 1648,1444 1648,1396 1577,1399 1507,1400 1437,1402 1366,1402 1296,1402 1226,1404 1155,1406 1085,1408 1015,1408 945,1410 874,1410 804,1410 734,1412 663,1412 593,1414 523,1416 452,1418 382,1420 312,1418 242,1422"/>
                <Baseline points="242,1454 312,1450 382,1452 452,1450 523,1448 593,1446 663,1444 734,1444 804,1442 874,1442 945,1442 1015,1440 1085,1440 1155,1438 1226,1436 1296,1434 1366,1434 1437,1434 1507,1432 1577,1431 1648,1428"/>
                <TextEquiv>
                    <Unicode>delde ik met Mia en Mieke naar Cissy in begin Sumatrastr, ineens hoor-
</Unicode>
                </TextEquiv>
            </TextLine>
            <TextLine id="tr_1_tl_17" custom="readingOrder {index:16;}">
                <Coords points="226,1535 295,1533 364,1531 433,1531 502,1529 571,1529 640,1529 709,1527 778,1525 847,1525 916,1525 985,1523 1054,1521 1123,1521 1192,1519 1261,1518 1330,1517 1399,1515 1468,1515 1537,1513 1606,1515 1606,1469 1537,1467 1468,1469 1399,1469 1330,1471 1261,1472 1192,1473 1123,1475 1054,1475 985,1477 916,1479 847,1479 778,1479 709,1481 640,1483 571,1483 502,1483 433,1485 364,1485 295,1487 226,1489"/>
                <Baseline points="226,1520 295,1518 364,1516 433,1516 502,1514 571,1514 640,1514 709,1512 778,1510 847,1510 916,1510 985,1508 1054,1506 1123,1506 1192,1504 1261,1503 1330,1502 1399,1500 1468,1500 1537,1498 1606,1500"/>
                <TextEquiv>
                    <Unicode>den we schieten. De kogels vlogen ons om de ooren. De Goebeng boule-
</Unicode>
                </TextEquiv>
            </TextLine>
            <TextLine id="tr_1_tl_18" custom="readingOrder {index:17;}">
                <Coords points="248,1601 316,1599 384,1599 452,1598 520,1598 588,1595 656,1593 724,1593 792,1591 860,1591 929,1590 997,1589 1065,1587 1133,1587 1201,1586 1269,1585 1337,1583 1405,1583 1473,1581 1541,1579 1610,1577 1610,1531 1541,1533 1473,1535 1405,1537 1337,1537 1269,1539 1201,1540 1133,1541 1065,1541 997,1543 929,1544 860,1545 792,1545 724,1547 656,1547 588,1549 520,1552 452,1552 384,1553 316,1553 248,1555"/>
                <Baseline points="248,1586 316,1584 384,1584 452,1583 520,1583 588,1580 656,1578 724,1578 792,1576 860,1576 929,1575 997,1574 1065,1572 1133,1572 1201,1571 1269,1570 1337,1568 1405,1568 1473,1566 1541,1564 1610,1562"/>
                <TextEquiv>
                    <Unicode>vard was uit-gestorven. 't Was reuze spannend en wij wandelden dood-
</Unicode>
                </TextEquiv>
            </TextLine>
            <TextLine id="tr_1_tl_19" custom="readingOrder {index:18;}">
                <Coords points="248,1667 292,1665 336,1665 380,1663 424,1663 468,1663 512,1663 556,1663 600,1661 644,1661 689,1660 733,1657 777,1657 821,1657 865,1657 909,1657 953,1657 997,1655 1041,1655 1085,1655 1130,1655 1130,1609 1085,1609 1041,1609 997,1609 953,1611 909,1611 865,1611 821,1611 777,1611 733,1611 689,1614 644,1615 600,1615 556,1617 512,1617 468,1617 424,1617 380,1617 336,1619 292,1619 248,1621"/>
                <Baseline points="248,1652 292,1650 336,1650 380,1648 424,1648 468,1648 512,1648 556,1648 600,1646 644,1646 689,1645 733,1642 777,1642 821,1642 865,1642 909,1642 953,1642 997,1640 1041,1640 1085,1640 1130,1640"/>
                <TextEquiv>
                    <Unicode>bedaard door. Terugkomende schieten bedaard.
</Unicode>
                </TextEquiv>
            </TextLine>
            <TextLine id="tr_1_tl_20" custom="readingOrder {index:19;}">
                <Coords points="250,1733 283,1731 316,1731 349,1731 382,1731 415,1731 448,1731 481,1730 514,1729 547,1729 580,1729 613,1729 646,1727 679,1726 712,1725 745,1725 778,1725 811,1725 844,1725 877,1727 910,1727 910,1682 877,1682 844,1680 811,1680 778,1680 745,1680 712,1680 679,1681 646,1682 613,1684 580,1684 547,1684 514,1684 481,1685 448,1686 415,1686 382,1686 349,1686 316,1686 283,1686 250,1688"/>
                <Baseline points="250,1718 283,1716 316,1716 349,1716 382,1716 415,1716 448,1716 481,1715 514,1714 547,1714 580,1714 613,1714 646,1712 679,1711 712,1710 745,1710 778,1710 811,1710 844,1710 877,1712 910,1712"/>
                <TextEquiv>
                    <Unicode>Stiekum een ijsje gekocht vandaag.
</Unicode>
                </TextEquiv>
            </TextLine>
            <TextLine id="tr_1_tl_21" custom="readingOrder {index:20;}">
                <Coords points="248,1799 314,1797 380,1797 446,1797 512,1795 579,1795 645,1793 711,1792 777,1791 843,1790 910,1789 976,1789 1042,1786 1108,1785 1174,1784 1241,1783 1307,1781 1373,1781 1439,1779 1505,1777 1572,1771 1572,1726 1505,1732 1439,1734 1373,1736 1307,1736 1241,1738 1174,1739 1108,1740 1042,1741 976,1744 910,1744 843,1745 777,1746 711,1747 645,1748 579,1750 512,1750 446,1752 380,1752 314,1752 248,1754"/>
                <Baseline points="248,1784 314,1782 380,1782 446,1782 512,1780 579,1780 645,1778 711,1777 777,1776 843,1775 910,1774 976,1774 1042,1771 1108,1770 1174,1769 1241,1768 1307,1766 1373,1766 1439,1764 1505,1762 1572,1756"/>
                <TextEquiv>
                    <Unicode>Donderd. 18 Oct. Van morgen met Mia naar het Roode Kruis geweest -
</Unicode>
                </TextEquiv>
            </TextLine>
            <TextLine id="tr_1_tl_22" custom="readingOrder {index:21;}">
                <Coords points="250,1866 317,1864 385,1864 452,1864 520,1862 588,1862 655,1860 723,1858 790,1858 858,1856 926,1855 993,1856 1061,1852 1128,1850 1196,1849 1263,1847 1331,1846 1399,1844 1466,1844 1534,1844 1602,1844 1602,1796 1534,1796 1466,1796 1399,1796 1331,1798 1263,1799 1196,1801 1128,1802 1061,1804 993,1808 926,1807 858,1808 790,1810 723,1810 655,1812 588,1814 520,1814 452,1816 385,1816 317,1816 250,1818"/>
                <Baseline points="250,1850 317,1848 385,1848 452,1848 520,1846 588,1846 655,1844 723,1842 790,1842 858,1840 926,1839 993,1840 1061,1836 1128,1834 1196,1833 1263,1831 1331,1830 1399,1828 1466,1828 1534,1828 1602,1828"/>
                <TextEquiv>
                    <Unicode>Vènde Notaris Vendeloo gesproken. Hij meende, dat Matthes overleden
</Unicode>
                </TextEquiv>
            </TextLine>
            <TextLine id="tr_1_tl_23" custom="readingOrder {index:22;}">
                <Coords points="248,1931 318,1930 389,1929 459,1927 530,1927 601,1926 671,1925 742,1923 812,1922 883,1921 954,1920 1024,1917 1095,1915 1165,1913 1236,1913 1307,1911 1377,1911 1448,1909 1518,1909 1589,1909 1660,1909 1660,1863 1589,1863 1518,1863 1448,1863 1377,1865 1307,1865 1236,1867 1165,1867 1095,1869 1024,1871 954,1874 883,1875 812,1876 742,1877 671,1879 601,1880 530,1881 459,1881 389,1883 318,1884 248,1885"/>
                <Baseline points="248,1916 318,1915 389,1914 459,1912 530,1912 601,1911 671,1910 742,1908 812,1907 883,1906 954,1905 1024,1902 1095,1900 1165,1898 1236,1898 1307,1896 1377,1896 1448,1894 1518,1894 1589,1894 1660,1894"/>
                <TextEquiv>
                    <Unicode>was. Van Guus wist hij niets, komt niet op de overleden lijst voor. Ik
</Unicode>
                </TextEquiv>
            </TextLine>
            <TextLine id="tr_1_tl_24" custom="readingOrder {index:23;}">
                <Coords points="254,1999 324,1996 394,1995 464,1993 535,1992 605,1991 675,1989 746,1989 816,1987 886,1985 957,1983 1027,1983 1097,1983 1167,1980 1238,1979 1308,1977 1378,1977 1449,1977 1519,1977 1589,1977 1660,1979 1660,1933 1589,1931 1519,1931 1449,1931 1378,1931 1308,1931 1238,1933 1167,1934 1097,1937 1027,1937 957,1937 886,1939 816,1941 746,1943 675,1943 605,1945 535,1946 464,1947 394,1949 324,1950 254,1953"/>
                <Baseline points="254,1984 324,1981 394,1980 464,1978 535,1977 605,1976 675,1974 746,1974 816,1972 886,1970 957,1968 1027,1968 1097,1968 1167,1965 1238,1964 1308,1962 1378,1962 1449,1962 1519,1962 1589,1962 1660,1964"/>
                <TextEquiv>
                    <Unicode>ben zoo verdrietig van avond. 'k Verlang zoo vreeselijk naar Guus. Als</Unicode>
                </TextEquiv>
            </TextLine>
        </TextRegion>
    </Page>
</PcGts>
