1705 2387
213 461 1635 529 hij nog maar leeft. Wat heeft het leven anders nog voor waarde. We wil-
213 533 1181 595 len nog zoo veel doen samen. Guus - Guus toch!!!
217 592 1581 661 Vendeloo had testament voor Oom Leo Avis gemaakt, die in 't kamp ge-
215 660 1643 732 storven is. We hebben het hoofd van het R. Kruis gevraagd ons te helpen
217 728 1577 796 met de water voorziening. Bij het R. Kruis staan Inlandsche meisjes,
211 793 1569 863 die je tasch nasnuffelen en je zakken van je jurk nakijken. Leve de
219 860 1567 928 vrede - leve de vrijheid!!! Doodmoe uit de stad thuis gekomen - ben
221 942 545 997 nog niets waard.
219 988 1603 1064 Dinsd. 23 Oct. Dood-stil in de stad. Verwachten nu iederen dag de be-
219 1052 1547 1128 zetting. Het wordt hoog tijd, dat ze komt. Nog steeds geen water -
219 1123 1511 1195 weinig eten - zoeken wilde bajem en krokot langs de weg en in de
229 1214 449 1262 brand gang.
231 1259 1637 1328 Zondag 28 Oct. De laatste dagen hopeloos. Bezetting schijnt gekomen te
223 1322 1635 1396 zijn, maar we merken er niets van, integendeel. Vrijdags ook het licht
223 1389 1669 1460 af gesloten. 's Avonds juist tegen het eten halen, moesten we alle ramen
227 1457 1651 1529 en deuren sluiten en mochten niet op straat, daar door geen eten gehad.
231 1523 1621 1597 Van morgen 7 uur hoorden we dat we om 9 uur gepakt klaar moeten staan
233 1591 1573 1663 om onder Engelsche geleide naar een veiliger deel van Soerabaya ge-
231 1679 577 1728 bracht te worden.
227 1723 1597 1794 We schijnen altijd op Zondag 32 te moeten verkrassen Inderdaad zaten we
235 1787 1565 1861 om 10 uur in vracht auto's van die woestijn karren, zoo hoog op de
235 1854 1675 1928 wielen. 1 Br. Indiër achter 't stuur, één met een machine geweer staande
239 1922 1589 1994 er naast en komt juist met z'n kop uit het dak. Mieke mocht bij hem
239 1987 1601 2063 bovenop, hij bood haar een sigaret aan, maar toen hij hem wilde aan-
