1701 2381
220 458 898 511 steken, schudde ze maar van "nee".
208 517 1626 577 Het Darmo Ziekenhuis leek bezet door gurkahs maar toen we daar de hoek
216 582 1626 646 om zwaaiden de Kapoea33str. in, werd op de zesde wagen van ons transport
218 642 1600 715 geschoten. Con. Me34llaby reeds op de motor erlangs en riep "Take care"
216 716 1638 777 en nog meer Alles stopte ineens, gurkahs achter 't stuur vandaan en ge-
218 781 1622 845 weer in de aanslag. Je reinste wild-west. een Spaansche ruiter lag in-
220 848 1610 909 eens over de helft van de Darmoblv. en alle wagens werden aangehouden
216 911 1640 977 en in zittenden eruit gesleept. Eindelijk gingen we weer verder en wer-
216 979 1566 1041 den afgezet bij een huis op Merkus plein naast de Darmo Kapel. Daar
220 1045 1630 1107 zitten we nu in een piep klein kamertje met Mevr. v. Campen. 't Is net
220 1111 1606 1173 een film, zóo onwezelijk! Verder woonen er nog wel dertig menschen in
218 1177 1654 1239 de andere kamers (eetk. 11 - zitk. 9 enz. enz.) Precies 2 35 jaar geleden
226 1243 1504 1307 vertrokken we uit de wijk naar Ambarawa en nu – — — - ??
222 1313 1604 1375 Maandag 29 Oct. Gisteren om 5 uur juist toen ik het eten gehaald had,
226 1375 1592 1443 begon het geduvel. Schieten en explosies. Om zes uur was hèvig -
226 1444 1658 1510 den heelen nacht dòor en van morgen vroeg aan één stuk door schieten en
224 1512 1614 1576 nu half elf is juist de water leiding gestopt. Gelukkig hebben we een
230 1595 314 1645 put.
232 1645 1602 1707 Van middag 2 uur was 't hevigst - even vòor 4 uur kwamen vliegtuigen
236 1717 1052 1773 over en even later minderde het schieten.
230 1776 1622 1841 Dinsdag 30 Oct. Van nacht veel rustiger geweest, alleen om half 12 de
232 1843 1578 1905 tong tong en weer hevig geschiet. Van morgen alles rustig en was er
232 1908 1586 1974 wapenstilstand. Om 9 à 10 uur begon het schieten weer. We kunnen de
