1706 2384
206 456 1620 525 gurkahs zien zitten op het balcon van het Darmo Ziekenhuis (d.w.z. een
206 524 1538 587 aan grenzende villa, die door de Japs bij het Ziekenhuis getrokken
206 588 1594 656 zijn.) Soms tusschen het schieten door gooien ze een blikje kaas naar
218 654 1544 722 ons. 't Eten wordt ook benauwend. We eten 's morgens rijst met een
212 722 1500 788 likje lever pastei en 's middags en 's avonds rijst met gedroogd
216 788 1644 858 vleesch. Al dagen zoo. De rijst voorraad slinkt onrust barend. Hoe lang
212 864 718 924 moeten we er nog mee toe?
216 919 1638 988 Om 4 uur kwamen 2 Zweden. De oorlog is afgeloopen (heb ik meer gehoord,
214 984 1620 1054 meen ik!) Maar 't is 50-50. We begrepen er niets meer van de stee toe-
214 1051 1624 1119 stand. Maar ik, en veele met mij, waren toch vol vertrouwen en terecht
214 1119 1620 1185 even later kwam Mia met op gewekte berichten. Nu bulkt de Soerabaya 37
220 1184 1652 1254 radio, dat ze van nacht het vrouwenkamp zullen aanvallen, maar dat zijn
216 1248 1654 1320 alleen de extremisten, want 7 van de 8 partijen zijn vòòr ons. Zes Brit-
218 1319 1552 1387 ten gedood en 200(0) Inlanders! Ik in een schiet rust poos vlug de
226 1383 1620 1453 straat over geglipt en in een gesloten huis bij een Chinees voor ƒ 60-
222 1452 1640 1525 gekocht. Niet veel bijzonders - maar weer even te eten - macaronie enz-
226 1518 1644 1585 enz. De rest van het huis wilde het ook probeeren, maar kreeg geen kans
224 1590 1070 1654 meer. Nu weer gaan slapen - wat morgen????
222 1660 1654 1714 Woensd. 31 Oct. Geruchten: Wapenstilstand tot 10 uur, daarna over geven
228 1713 1648 1787 òf bombardeeren. Van het transport, dat nà ons kwam Zond. 38 zijn 80 vrou-
226 1780 1556 1854 wen vermoord(?) Keller. Zwitsersch consul is verdwenen? Gekidnapd?
222 1848 1600 1920 Waar? Radio Soerabaya roept om: "Darmo en Wonokromo in handen van de
228 1912 1634 1988 Engelschen, nu òp naar Perak". Sidney riep om: 40 Britten gedood en 40
