1711 2391
225 479 1011 530 gewond. 't Is nu half 10 — wat straks?
223 544 949 596 Later: er gebeurde verder niets!!!!.
221 612 1609 662 Donderdag 1 November. ('45) De meest enerveerende dag van mijn leven.
223 677 1591 728 Om 10 uur kregen we clandestien bericht, komende van het Roode Kruis
223 744 1633 798 volgens zeggen, dat we om 12 uur klaar moesten staan, dan naar de wijk
223 810 1631 862 gebracht werden en daarna naar Perak om verscheept te worden. We mogen
219 876 1649 930 echter niets meenemen. Juist eruit zien of we een straatje om wandelen.
219 943 1625 995 Ik werd hèen en weer geslingerd, kon geen besluit nemen. Was Guus maar
223 1011 725 1063 even hier om me te raden.
223 1075 1613 1129 Ik kleedde Mieke en mezelf aan en was inwendig eén en al paniek. Toen
225 1143 1647 1197 besloot ik ineens om af te wachten, werden we gehaald, dan ging ik mee,
219 1210 1677 1263 zoo niet, dan bleef ik. Om half 12 aten we haastig alle rijst met vleesch
219 1279 1631 1331 en gooiden de melk, die we stiekum gekocht hadden, er ook nog in. Alle
223 1346 1653 1396 etensresten aten we op, dronken royaal onze laatste koffie enz. enz. In
219 1412 1647 1460 de stemming van "Apres nous la39 déluge". Even later kwamen verschillende
219 1478 1627 1528 huis genooten met hangende pootjes terug. Ze waren tegen gehouden door
219 1544 1635 1594 de P.R.I. en verboden verder te gaan. Nu gaan er sommige probeeren van
225 1609 1589 1663 nacht in het donker door een gat in de omheining te kruipen. maar ik
229 1676 729 1728 blijf. Er kome, wat komt!
223 1742 1663 1794 Iedereen is verontwaardigd op over de lafhartige moord op Coll. Mallaby.
223 1808 1631 1858 Tijdens een conferentie werden hij + 2 andere Britten op 10 M. afstand
219 1873 1649 1925 door een mittrailleur gedood. Met zijn linkerhand trok hij stervend een
