<?xml version="1.0" encoding="UTF-8" standalone="yes"?>
<PcGts xmlns="http://schema.primaresearch.org/PAGE/gts/pagecontent/2013-07-15" xmlns:xsi="http://www.w3.org/2001/XMLSchema-instance" xsi:schemaLocation="http://schema.primaresearch.org/PAGE/gts/pagecontent/2013-07-15 http://schema.primaresearch.org/PAGE/gts/pagecontent/2013-07-15/pagecontent.xsd">
    <Metadata>
        <Creator>Transkribus</Creator>
        <Created>2024-10-04T16:38:51.953+02:00</Created>
        <LastChange>2024-10-16T18:30:03.973+02:00</LastChange>
        <TranskribusMetadata docId="4508828" pageId="79709974" pageNr="57" tsid="194183342" status="IN_PROGRESS" userId="145668" imgUrl="https://files.transkribus.eu/Get?id=DQMDAQAHSXUMDFNUWBWFTYCB&amp;fileType=view" xmlUrl="https://files.transkribus.eu/Get?id=TJELFKAWFLDJUMXMMTWPIWMN" imageId="65103457"/>
    </Metadata>
    <Page imageFilename="0057_NL-AsdNIOD_401_0161_0058.jpg" imageWidth="1705" imageHeight="2384">
        <ReadingOrder>
            <OrderedGroup id="ro_1729171049734" caption="Regions reading order">
                <RegionRefIndexed index="0" regionRef="tr_1"/>
            </OrderedGroup>
        </ReadingOrder>
        <TextRegion orientation="0.0" id="tr_1" custom="readingOrder {index:0;}">
            <Coords points="204,315 204,1974 1640,1974 1640,315"/>
            <TextLine id="tr_1_tl_1" custom="readingOrder {index:0;}">
                <Coords points="838,364 864,370 890,370 916,372 916,323 890,321 864,321 838,315"/>
                <Baseline points="838,348 864,354 890,354 916,356"/>
            </TextLine>
            <TextLine id="tr_1_tl_2" custom="readingOrder {index:1;}">
                <Coords points="208,506 254,505 300,504 346,504 393,504 439,504 485,503 532,502 578,500 624,500 671,500 717,500 763,499 809,498 856,499 902,499 948,500 995,498 1041,498 1087,497 1134,498 1134,450 1087,449 1041,450 995,450 948,452 902,451 856,451 809,450 763,451 717,452 671,452 624,452 578,452 532,454 485,455 439,456 393,456 346,456 300,456 254,457 208,458"/>
                <Baseline points="208,490 254,489 300,488 346,488 393,488 439,488 485,487 532,486 578,484 624,484 671,484 717,484 763,483 809,482 856,483 902,483 948,484 995,482 1041,482 1087,481 1134,482"/>
                <TextEquiv>
                    <Unicode>revolver en schoot de moordenaar in z'n strot.</Unicode>
                </TextEquiv>
            </TextLine>
            <TextLine id="tr_1_tl_3" custom="readingOrder {index:2;}">
                <Coords points="204,574 235,572 266,571 297,570 328,570 360,570 391,570 422,570 453,570 484,570 516,569 547,568 578,568 609,567 640,566 672,566 703,566 734,566 765,566 796,566 828,570 828,522 796,518 765,518 734,518 703,518 672,518 640,518 609,519 578,520 547,520 516,521 484,522 453,522 422,522 391,522 360,522 328,522 297,522 266,523 235,524 204,526"/>
                <Baseline points="204,558 235,556 266,555 297,554 328,554 360,554 391,554 422,554 453,554 484,554 516,553 547,552 578,552 609,551 640,550 672,550 703,550 734,550 765,550 796,550 828,554"/>
                <TextEquiv>
                    <Unicode>Gerucht: 1 week wapenstilstand.
</Unicode>
                </TextEquiv>
            </TextLine>
            <TextLine id="tr_1_tl_4" custom="readingOrder {index:3;}">
                <Coords points="204,643 271,637 339,640 407,638 474,635 542,633 610,633 677,632 745,631 813,631 881,629 948,629 1016,627 1084,627 1151,625 1219,625 1287,625 1354,623 1422,623 1490,622 1558,625 1558,579 1490,576 1422,577 1354,577 1287,579 1219,579 1151,579 1084,581 1016,581 948,583 881,583 813,585 745,585 677,586 610,587 542,587 474,589 407,592 339,594 271,591 204,597"/>
                <Baseline points="204,628 271,622 339,625 407,623 474,620 542,618 610,618 677,617 745,616 813,616 881,614 948,614 1016,612 1084,612 1151,610 1219,610 1287,610 1354,608 1422,608 1490,607 1558,610"/>
                <TextEquiv>
                    <Unicode>Maandag 5 Nov. Vrijdag morgen wandelde ik met Mieke naar de wijk om
</Unicode>
                </TextEquiv>
            </TextLine>
            <TextLine id="tr_1_tl_5" custom="readingOrder {index:4;}">
                <Coords points="210,705 280,704 350,703 420,701 490,701 560,699 630,698 700,697 770,697 840,696 911,695 981,693 1051,694 1121,691 1191,693 1261,690 1331,689 1401,689 1471,687 1541,688 1612,687 1612,641 1541,642 1471,641 1401,643 1331,643 1261,644 1191,647 1121,645 1051,648 981,647 911,649 840,650 770,651 700,651 630,652 560,653 490,655 420,655 350,657 280,658 210,659"/>
                <Baseline points="210,690 280,689 350,688 420,686 490,686 560,684 630,683 700,682 770,682 840,681 911,680 981,678 1051,679 1121,676 1191,678 1261,675 1331,674 1401,674 1471,672 1541,673 1612,672"/>
                <TextEquiv>
                    <Unicode>eens poolshoogte te nemen en zei de tolk "Goddank, dat U er bent, over
</Unicode>
                </TextEquiv>
            </TextLine>
            <TextLine id="tr_1_tl_6" custom="readingOrder {index:5;}">
                <Coords points="208,771 279,771 350,769 421,769 492,767 563,766 634,763 705,763 776,763 847,763 919,761 990,761 1061,759 1132,759 1203,757 1274,757 1345,756 1416,755 1487,755 1558,754 1630,755 1630,709 1558,708 1487,709 1416,709 1345,710 1274,711 1203,711 1132,713 1061,713 990,715 919,715 847,717 776,717 705,717 634,717 563,720 492,721 421,723 350,723 279,725 208,725"/>
                <Baseline points="208,756 279,756 350,754 421,754 492,752 563,751 634,748 705,748 776,748 847,748 919,746 990,746 1061,744 1132,744 1203,742 1274,742 1345,741 1416,740 1487,740 1558,739 1630,740"/>
                <TextEquiv>
                    <Unicode>een uur beginnen de convooien". Maar ik rende terug naar huis, was weer
</Unicode>
                </TextEquiv>
            </TextLine>
            <TextLine id="tr_1_tl_7" custom="readingOrder {index:6;}">
                <Coords points="208,837 272,835 336,835 400,835 464,834 529,833 593,833 657,831 721,829 785,829 850,828 914,827 978,827 1042,825 1106,825 1171,825 1235,826 1299,825 1363,823 1427,823 1492,825 1492,779 1427,777 1363,777 1299,779 1235,780 1171,779 1106,779 1042,779 978,781 914,781 850,782 785,783 721,783 657,785 593,787 529,787 464,788 400,789 336,789 272,789 208,791"/>
                <Baseline points="208,822 272,820 336,820 400,820 464,819 529,818 593,818 657,816 721,814 785,814 850,813 914,812 978,812 1042,810 1106,810 1171,810 1235,811 1299,810 1363,808 1427,808 1492,810"/>
                <TextEquiv>
                    <Unicode>heelemaal onrustig en in dubio. Dien nacht maar liggen piekeren.
</Unicode>
                </TextEquiv>
            </TextLine>
            <TextLine id="tr_1_tl_8" custom="readingOrder {index:7;}">
                <Coords points="214,906 283,904 353,904 423,903 493,902 563,900 632,899 702,898 772,898 842,896 912,894 981,894 1051,893 1121,892 1191,892 1261,892 1330,891 1400,890 1470,889 1540,888 1610,888 1610,840 1540,840 1470,841 1400,842 1330,843 1261,844 1191,844 1121,844 1051,845 981,846 912,846 842,848 772,850 702,850 632,851 563,852 493,854 423,855 353,856 283,856 214,858"/>
                <Baseline points="214,890 283,888 353,888 423,887 493,886 563,884 632,883 702,882 772,882 842,880 912,878 981,878 1051,877 1121,876 1191,876 1261,876 1330,875 1400,874 1470,873 1540,872 1610,872"/>
                <TextEquiv>
                    <Unicode>Zaterd. morgen de knoop doorgehakt vòor 8 uur met een taschje waar-
</Unicode>
                </TextEquiv>
            </TextLine>
            <TextLine id="tr_1_tl_9" custom="readingOrder {index:8;}">
                <Coords points="212,974 279,973 346,972 413,970 480,970 547,968 614,968 681,966 748,966 815,964 883,962 950,962 1017,960 1084,960 1151,960 1218,960 1285,958 1352,958 1419,957 1486,955 1554,958 1554,909 1486,906 1419,908 1352,909 1285,909 1218,911 1151,911 1084,911 1017,911 950,913 883,913 815,915 748,917 681,917 614,919 547,919 480,921 413,921 346,923 279,924 212,925"/>
                <Baseline points="212,958 279,957 346,956 413,954 480,954 547,952 614,952 681,950 748,950 815,948 883,946 950,946 1017,944 1084,944 1151,944 1218,944 1285,942 1352,942 1419,941 1486,939 1554,942"/>
                <TextEquiv>
                    <Unicode>in - zeep en handd. en wat kleertjes voor Mieke en drie jurken over
</Unicode>
                </TextEquiv>
            </TextLine>
            <TextLine id="tr_1_tl_10" custom="readingOrder {index:9;}">
                <Coords points="212,1042 280,1039 348,1038 417,1038 485,1038 554,1036 622,1036 690,1035 759,1034 827,1032 896,1030 964,1029 1032,1028 1101,1028 1169,1026 1238,1025 1306,1024 1374,1024 1443,1024 1511,1022 1580,1024 1580,975 1511,973 1443,975 1374,975 1306,975 1238,976 1169,977 1101,979 1032,979 964,980 896,981 827,983 759,985 690,986 622,987 554,987 485,989 417,989 348,989 280,990 212,993"/>
                <Baseline points="212,1026 280,1023 348,1022 417,1022 485,1022 554,1020 622,1020 690,1019 759,1018 827,1016 896,1014 964,1013 1032,1012 1101,1012 1169,1010 1238,1009 1306,1008 1374,1008 1443,1008 1511,1006 1580,1008"/>
                <TextEquiv>
                    <Unicode>elkaar aan naar de wijk. Den heelen dag in een leeg huis op de grond
</Unicode>
                </TextEquiv>
            </TextLine>
            <TextLine id="tr_1_tl_11" custom="readingOrder {index:10;}">
                <Coords points="218,1111 289,1107 360,1105 431,1104 502,1103 573,1102 644,1101 715,1099 786,1099 857,1097 929,1097 1000,1095 1071,1095 1142,1092 1213,1089 1284,1089 1355,1089 1426,1089 1497,1089 1568,1087 1640,1085 1640,1040 1568,1042 1497,1044 1426,1044 1355,1044 1284,1044 1213,1044 1142,1047 1071,1050 1000,1050 929,1052 857,1052 786,1054 715,1054 644,1056 573,1057 502,1058 431,1059 360,1060 289,1062 218,1066"/>
                <Baseline points="218,1096 289,1092 360,1090 431,1089 502,1088 573,1087 644,1086 715,1084 786,1084 857,1082 929,1082 1000,1080 1071,1080 1142,1077 1213,1074 1284,1074 1355,1074 1426,1074 1497,1074 1568,1072 1640,1070"/>
                <TextEquiv>
                    <Unicode>gezeten, uit blikjes gegeten en om zes uur 's avonds hoorden we dat het
</Unicode>
                </TextEquiv>
            </TextLine>
            <TextLine id="tr_1_tl_12" custom="readingOrder {index:11;}">
                <Coords points="216,1173 285,1171 354,1169 424,1169 493,1169 563,1168 632,1168 701,1167 771,1165 840,1165 910,1163 979,1163 1048,1161 1118,1159 1187,1157 1257,1157 1326,1155 1395,1155 1465,1154 1534,1154 1604,1153 1604,1108 1534,1109 1465,1109 1395,1110 1326,1110 1257,1112 1187,1112 1118,1114 1048,1116 979,1118 910,1118 840,1120 771,1120 701,1122 632,1123 563,1123 493,1124 424,1124 354,1124 285,1126 216,1128"/>
                <Baseline points="216,1158 285,1156 354,1154 424,1154 493,1154 563,1153 632,1153 701,1152 771,1150 840,1150 910,1148 979,1148 1048,1146 1118,1144 1187,1142 1257,1142 1326,1140 1395,1140 1465,1139 1534,1139 1604,1138"/>
                <TextEquiv>
                    <Unicode>transport niet door ging. In een huis gingen we in de eet-kamer op de
</Unicode>
                </TextEquiv>
            </TextLine>
            <TextLine id="tr_1_tl_13" custom="readingOrder {index:12;}">
                <Coords points="218,1245 287,1241 356,1239 425,1238 494,1235 563,1234 632,1234 701,1231 770,1231 839,1231 909,1229 978,1229 1047,1227 1116,1227 1185,1225 1254,1225 1323,1223 1392,1221 1461,1221 1530,1220 1600,1221 1600,1175 1530,1174 1461,1175 1392,1175 1323,1177 1254,1179 1185,1179 1116,1181 1047,1181 978,1183 909,1183 839,1185 770,1185 701,1185 632,1188 563,1188 494,1189 425,1192 356,1193 287,1195 218,1199"/>
                <Baseline points="218,1230 287,1226 356,1224 425,1223 494,1220 563,1219 632,1219 701,1216 770,1216 839,1216 909,1214 978,1214 1047,1212 1116,1212 1185,1210 1254,1210 1323,1208 1392,1206 1461,1206 1530,1205 1600,1206"/>
                <TextEquiv>
                    <Unicode>grond liggen en heb ik den heelen nacht de muskieten van Mieke zitten
</Unicode>
                </TextEquiv>
            </TextLine>
            <TextLine id="tr_1_tl_14" custom="readingOrder {index:13;}">
                <Coords points="216,1309 286,1308 356,1305 426,1305 497,1303 567,1301 637,1299 708,1299 778,1297 848,1297 919,1295 989,1295 1059,1293 1129,1293 1200,1293 1270,1291 1340,1290 1411,1289 1481,1287 1551,1287 1622,1289 1622,1243 1551,1241 1481,1241 1411,1243 1340,1244 1270,1245 1200,1247 1129,1247 1059,1247 989,1249 919,1249 848,1251 778,1251 708,1253 637,1253 567,1255 497,1257 426,1259 356,1259 286,1262 216,1263"/>
                <Baseline points="216,1294 286,1293 356,1290 426,1290 497,1288 567,1286 637,1284 708,1284 778,1282 848,1282 919,1280 989,1280 1059,1278 1129,1278 1200,1278 1270,1276 1340,1275 1411,1274 1481,1272 1551,1272 1622,1274"/>
                <TextEquiv>
                    <Unicode>weg waaien. Den volgende morgen (weer Zondag!!) om 8 uur gereed staan,
</Unicode>
                </TextEquiv>
            </TextLine>
            <TextLine id="tr_1_tl_15" custom="readingOrder {index:14;}">
                <Coords points="218,1374 287,1374 356,1374 426,1372 495,1370 565,1370 634,1368 703,1366 773,1366 842,1364 912,1362 981,1362 1050,1362 1120,1362 1189,1360 1259,1359 1328,1358 1397,1356 1467,1356 1536,1354 1606,1362 1606,1314 1536,1306 1467,1308 1397,1308 1328,1310 1259,1311 1189,1312 1120,1314 1050,1314 981,1314 912,1314 842,1316 773,1318 703,1318 634,1320 565,1322 495,1322 426,1324 356,1326 287,1326 218,1326"/>
                <Baseline points="218,1358 287,1358 356,1358 426,1356 495,1354 565,1354 634,1352 703,1350 773,1350 842,1348 912,1346 981,1346 1050,1346 1120,1346 1189,1344 1259,1343 1328,1342 1397,1340 1467,1340 1536,1338 1606,1346"/>
                <TextEquiv>
                    <Unicode>eindelijk om 12 uur aantreden op de Coenblv. op het sinkheete asfalt,
</Unicode>
                </TextEquiv>
            </TextLine>
            <TextLine id="tr_1_tl_16" custom="readingOrder {index:15;}">
                <Coords points="218,1442 288,1440 358,1440 428,1438 498,1436 569,1436 639,1436 709,1434 779,1432 849,1430 920,1429 990,1428 1060,1428 1130,1427 1200,1426 1271,1424 1341,1424 1411,1422 1481,1421 1551,1421 1622,1420 1622,1372 1551,1373 1481,1373 1411,1374 1341,1376 1271,1376 1200,1378 1130,1379 1060,1380 990,1380 920,1381 849,1382 779,1384 709,1386 639,1388 569,1388 498,1388 428,1390 358,1392 288,1392 218,1394"/>
                <Baseline points="218,1426 288,1424 358,1424 428,1422 498,1420 569,1420 639,1420 709,1418 779,1416 849,1414 920,1413 990,1412 1060,1412 1130,1411 1200,1410 1271,1408 1341,1408 1411,1406 1481,1405 1551,1405 1622,1404"/>
                <TextEquiv>
                    <Unicode>schier eindeloos lang, in de zon gestaan. Om over tweeën reden wij met
</Unicode>
                </TextEquiv>
            </TextLine>
            <TextLine id="tr_1_tl_17" custom="readingOrder {index:16;}">
                <Coords points="226,1509 295,1505 365,1505 435,1503 504,1503 574,1501 644,1501 713,1499 783,1497 853,1497 923,1495 992,1495 1062,1495 1132,1493 1201,1493 1271,1491 1341,1489 1410,1489 1480,1488 1550,1489 1620,1491 1620,1445 1550,1443 1480,1442 1410,1443 1341,1443 1271,1445 1201,1447 1132,1447 1062,1449 992,1449 923,1449 853,1451 783,1451 713,1453 644,1455 574,1455 504,1457 435,1457 365,1459 295,1459 226,1463"/>
                <Baseline points="226,1494 295,1490 365,1490 435,1488 504,1488 574,1486 644,1486 713,1484 783,1482 853,1482 923,1480 992,1480 1062,1480 1132,1478 1201,1478 1271,1476 1341,1474 1410,1474 1480,1473 1550,1474 1620,1476"/>
                <TextEquiv>
                    <Unicode>17 vracht auto's, stampvol geladen, met gurkahs aan het stuur en 2 ge-
</Unicode>
                </TextEquiv>
            </TextLine>
            <TextLine id="tr_1_tl_18" custom="readingOrder {index:17;}">
                <Coords points="220,1573 288,1571 356,1571 425,1571 493,1569 562,1569 630,1567 698,1567 767,1565 835,1565 904,1563 972,1562 1040,1561 1109,1561 1177,1559 1246,1557 1314,1555 1382,1555 1451,1553 1519,1553 1588,1551 1588,1505 1519,1507 1451,1507 1382,1509 1314,1509 1246,1511 1177,1513 1109,1515 1040,1515 972,1516 904,1517 835,1519 767,1519 698,1521 630,1521 562,1523 493,1523 425,1525 356,1525 288,1525 220,1527"/>
                <Baseline points="220,1558 288,1556 356,1556 425,1556 493,1554 562,1554 630,1552 698,1552 767,1550 835,1550 904,1548 972,1547 1040,1546 1109,1546 1177,1544 1246,1542 1314,1540 1382,1540 1451,1538 1519,1538 1588,1536"/>
                <TextEquiv>
                    <Unicode>wapende Inlanders vòor en achter op, door een uit gestorven stad. 't
</Unicode>
                </TextEquiv>
            </TextLine>
            <TextLine id="tr_1_tl_19" custom="readingOrder {index:18;}">
                <Coords points="220,1639 289,1637 358,1637 427,1637 496,1637 565,1635 634,1635 703,1633 772,1632 841,1631 911,1629 980,1629 1049,1627 1118,1625 1187,1625 1256,1622 1325,1621 1394,1619 1463,1620 1532,1619 1602,1623 1602,1577 1532,1573 1463,1574 1394,1573 1325,1575 1256,1576 1187,1579 1118,1579 1049,1581 980,1583 911,1583 841,1585 772,1586 703,1587 634,1589 565,1589 496,1591 427,1591 358,1591 289,1591 220,1593"/>
                <Baseline points="220,1624 289,1622 358,1622 427,1622 496,1622 565,1620 634,1620 703,1618 772,1617 841,1616 911,1614 980,1614 1049,1612 1118,1610 1187,1610 1256,1607 1325,1606 1394,1604 1463,1605 1532,1604 1602,1608"/>
                <TextEquiv>
                    <Unicode>Was half drie op de klok van 't Simpangplein. We mochten niet praten,
</Unicode>
                </TextEquiv>
            </TextLine>
            <TextLine id="tr_1_tl_20" custom="readingOrder {index:19;}">
                <Coords points="220,1705 287,1703 355,1703 423,1702 490,1701 558,1699 626,1700 693,1699 761,1699 829,1697 897,1697 964,1695 1032,1693 1100,1693 1167,1690 1235,1689 1303,1687 1370,1687 1438,1685 1506,1684 1574,1687 1574,1641 1506,1638 1438,1639 1370,1641 1303,1641 1235,1643 1167,1644 1100,1647 1032,1647 964,1649 897,1651 829,1651 761,1653 693,1653 626,1654 558,1653 490,1655 423,1656 355,1657 287,1657 220,1659"/>
                <Baseline points="220,1690 287,1688 355,1688 423,1687 490,1686 558,1684 626,1685 693,1684 761,1684 829,1682 897,1682 964,1680 1032,1678 1100,1678 1167,1675 1235,1674 1303,1672 1370,1672 1438,1670 1506,1669 1574,1672"/>
                <TextEquiv>
                    <Unicode>alles was ademloos. Ik keek gespannen alle zijstraten in naar extre
</Unicode>
                </TextEquiv>
            </TextLine>
            <TextLine id="tr_1_tl_21" custom="readingOrder {index:20;}">
                <Coords points="220,1774 290,1772 360,1770 430,1770 500,1769 570,1766 640,1766 710,1765 780,1764 850,1764 921,1763 991,1762 1061,1760 1131,1759 1201,1756 1271,1754 1341,1754 1411,1754 1481,1752 1551,1752 1622,1752 1622,1704 1551,1704 1481,1704 1411,1706 1341,1706 1271,1706 1201,1708 1131,1711 1061,1712 991,1714 921,1715 850,1716 780,1716 710,1717 640,1718 570,1718 500,1721 430,1722 360,1722 290,1724 220,1726"/>
                <Baseline points="220,1758 290,1756 360,1754 430,1754 500,1753 570,1750 640,1750 710,1749 780,1748 850,1748 921,1747 991,1746 1061,1744 1131,1743 1201,1740 1271,1738 1341,1738 1411,1738 1481,1736 1551,1736 1622,1736"/>
                <TextEquiv>
                    <Unicode>misten benden met hand granaten, zoo als ze, dat andere transport ver-
</Unicode>
                </TextEquiv>
            </TextLine>
            <TextLine id="tr_1_tl_22" custom="readingOrder {index:21;}">
                <Coords points="220,1842 288,1838 357,1836 426,1836 494,1836 563,1834 632,1832 700,1832 769,1830 838,1830 907,1828 975,1827 1044,1826 1113,1824 1181,1822 1250,1821 1319,1820 1387,1820 1456,1819 1525,1818 1594,1822 1594,1774 1525,1770 1456,1771 1387,1772 1319,1772 1250,1773 1181,1774 1113,1776 1044,1778 975,1779 907,1780 838,1782 769,1782 700,1784 632,1784 563,1786 494,1788 426,1788 357,1788 288,1790 220,1794"/>
                <Baseline points="220,1826 288,1822 357,1820 426,1820 494,1820 563,1818 632,1816 700,1816 769,1814 838,1814 907,1812 975,1811 1044,1810 1113,1808 1181,1806 1250,1805 1319,1804 1387,1804 1456,1803 1525,1802 1594,1806"/>
                <TextEquiv>
                    <Unicode>nield hadden. Bij de Perak weg wapperde de Engelsche vlag en stonden
</Unicode>
                </TextEquiv>
            </TextLine>
            <TextLine id="tr_1_tl_23" custom="readingOrder {index:22;}">
                <Coords points="228,1908 297,1904 366,1904 435,1904 504,1904 574,1900 643,1898 712,1896 781,1896 850,1895 920,1894 989,1892 1058,1890 1127,1888 1196,1888 1266,1888 1335,1888 1404,1886 1473,1886 1542,1884 1612,1888 1612,1840 1542,1836 1473,1838 1404,1838 1335,1840 1266,1840 1196,1840 1127,1840 1058,1842 989,1844 920,1846 850,1847 781,1848 712,1848 643,1850 574,1852 504,1856 435,1856 366,1856 297,1856 228,1860"/>
                <Baseline points="228,1892 297,1888 366,1888 435,1888 504,1888 574,1884 643,1882 712,1880 781,1880 850,1879 920,1878 989,1876 1058,1874 1127,1872 1196,1872 1266,1872 1335,1872 1404,1870 1473,1870 1542,1868 1612,1872"/>
                <TextEquiv>
                    <Unicode>twee indrukwekkende Arabieren met gekleurde hoofddoeken, lang baarden
</Unicode>
                </TextEquiv>
            </TextLine>
            <TextLine id="tr_1_tl_24" custom="readingOrder {index:23;}">
                <Coords points="230,1974 299,1972 368,1970 437,1970 506,1972 576,1969 645,1967 714,1964 783,1963 852,1962 922,1960 991,1960 1060,1958 1129,1956 1198,1954 1268,1954 1337,1954 1406,1954 1475,1952 1544,1952 1614,1952 1614,1904 1544,1904 1475,1904 1406,1906 1337,1906 1268,1906 1198,1906 1129,1908 1060,1910 991,1912 922,1912 852,1914 783,1915 714,1916 645,1919 576,1921 506,1924 437,1922 368,1922 299,1924 230,1926"/>
                <Baseline points="230,1958 299,1956 368,1954 437,1954 506,1956 576,1953 645,1951 714,1948 783,1947 852,1946 922,1944 991,1944 1060,1942 1129,1940 1198,1938 1268,1938 1337,1938 1406,1938 1475,1936 1544,1936 1614,1936"/>
                <TextEquiv>
                    <Unicode>en bajonet op 't geweer bij een neer gelaten spoor boom. De Inlanders</Unicode>
                </TextEquiv>
            </TextLine>
        </TextRegion>
    </Page>
</PcGts>
