1706 2389
228 468 1554 517 sprongen hier van de wagens. De boom ging omhoog en daar gingen we
224 533 1616 587 luid jubelend en toegejubeld (opvallend nà de drukkende, stille tocht
226 592 1606 652 door de stad) naar de haven. "You come out and we are ready to go in"
224 666 1652 720 riepen ze en "no more, medeka". Britten-Britsch Ind. Hollanders, alles
222 735 1630 790 stond te wuiven. Eén ware zegetocht. Ik weet nu, hoe het voelt, als er
228 807 752 857 een pak van je hart af is.
322 871 1550 921 We reden naar een groote schuit, die de deuren van zijn buik,
232 936 1652 991 uit noodigend open had. Nauwelijks er in, lichtten we meteen het anker.
224 1003 1574 1055 We kregen heerlijk brood uitgedeeld. 's Avonds, al donker, ik denk,
224 1064 1634 1124 8 à 9 uur kwamen we in 't west gat en moesten daar 1200 menschen over-
228 1139 1032 1190 geladen op een troepen transport schip..
230 1203 1560 1254 Een toer om met een doodmoe, half slapendkind je door een menschen
226 1267 1636 1321 menigte te wringen en aan boord te komen. Ik kreeg met Bep Pluin Mentz
234 1333 1596 1387 + Dickey (3 j.) - Hanneke v.d. Poel. - Mevr. de Jong + kind. een hut.
230 1398 1560 1454 De volwassenen in de kooien - de drie kinderen op een matras op de
230 1467 1600 1525 grond. Eerst zalig avond eten en toen naar kooi. Je weet niet wat je
230 1532 1592 1587 voelt weer door bevrienden menschen omgeven te zijn. Nergens vrijan-
230 1604 392 1656 digheid.
232 1664 1564 1722 Woensd. 7 Nov. We hebben met z'n tienen helpen bedienen tijdens de
230 1731 1658 1789 maaltijden in de off. mess room. Gisteren avond hadden we een borrel in
230 1797 1638 1854 de com. zijn hut en later een souper met de officieren als dank Straks
230 1870 674 1922 komen we in Singapore.
230 1932 1584 1990 Donderd. 8 Nov. Wonen in Wilhelmina camp, in een doorloop kamer met
