1707 2394
234 455 1616 516 Bep Pluin-Metz + Dickey en Hanneke v.d. Poel. 'k Ging morgen naar
228 522 1582 580 het Roode Kruis om informatie. Guus onbekend. Matthes 8-9-'44 over-
234 588 758 642 leden te Non pladue41, Siam.
228 654 1378 714 Vrijdag 9 Nov. Niet geslapen - ben bang - voor 't ergste.
232 722 1602 780 10 uur: Bep Avis kwam en zei 'k heb een nare boodschap voor je. Toen
228 789 474 842 wist ik het.
224 862 1578 914 11 uur kwam de kamp-commandant zijn deelneming en die der Ned. Reg.
224 929 1476 978 betuigen met het overlijden van Guus. Hij stierf 24 Nov.'43 te
224 991 630 1045 Canchembury in Siam.
220 1059 888 1113 10 Nov. getelégrafeerd naar huis.
228 1127 1618 1179 12 Nov. Ton Verburg gesproken. hij wist al 1½ j. van Guus - sprak met
226 1194 1474 1244 Matthes. Las brieven van Ton. Met wie zou Tonny getrouwd zijn?
224 1261 1623 1312 13 Nov. Ter eere van Moeders verjaardag een foto laten maken. Zaterdag
224 1328 1632 1376 wilde Mieke, als gewoonlijk voor Guus bidden en toen ik zei, dat
226 1391 1632 1443 hoeft nu niet meer, zei ze: "Nu vraag ik iederen dag of Papa niet dood
224 1459 1632 1510 gaat en nu heeft Onze Lieve Heer hem toch dood gemaakt". Van avond zag
226 1523 1574 1572 Mieke mij huilen en zei ze: "Huil maar niet, hoor, jij gaat ook wel
224 1589 1638 1641 gauw dood en dan zie je Papa in den hemel en dan kijk he maar naar een
224 1654 750 1706 engeltje met blauwe oogen.
228 1720 686 1771 24 Nov. Guus' sterfdag!
228 1787 1624 1839 Mieke bidt: "Onze lieve Heer het spijt me heel erg maar wil U de groe-
224 1853 1530 1908 ten doen aan Papa van Mama en Mieke. Zou Guus ons groote verdriet
220 1922 350 1972 weten?
