1712 2393
1226 434 1538 494 Martin Jantoeh.
746 470 972 526 Thuiskomst.
232 594 746 652 "Hij kwam niet meer thuis"
226 668 774 720 Harte, dat is er uw klagen.
228 737 1130 785 Hij, dien gij lief hebt, kwam niet meer thuis
226 803 1234 851 In den vreemde, hebben ze hem ten graven gedragen!
224 932 1068 986 Doch hier is het antwoord op al uw vragen.
228 1000 634 1050 Berg 't in Uw harte.
220 1066 712 1111 Het kan heelen Uw smarte
224 1131 730 1181 Wil het stil over denken.
228 1197 748 1245 Troost wil het U schenken.
226 1262 728 1312 Antwoord op bange vragen.
224 1329 870 1383 Berusting, in plaats van klagen.
226 1400 970 1448 Dan zult ge niet twijf'lend versagen.
230 1458 952 1516 "Wij" dolen nog in den vreemde rond,
226 1530 950 1584 Hij was 't, die het Vaderhuis vond".
1130 1660 1492 1716 Geert v. Oorschot.
766 1738 898 1786 Moed
230 1800 1138 1846 k Wil al mijn smarten met een glimlich dragen
224 1863 1030 1913 Met in mijn hart een moedig levens lied.
226 1930 1018 1979 Ik wil niet schreien en om alles klagen
226 1994 1006 2043 Want dàt verlicht het zware leven niet.
