1705 2384
218 449 930 503 Ik wil niet altijd ontevreden wezen
216 517 1006 567 Niet altijd zuchten om een beetje pijn.
216 582 966 635 Ik wil de vreugde in de wolken lezen.
216 649 966 699 Die schateren van gouden zonneschijn.
220 780 1026 836 Ik wil niet altijd aan mij zelve denken.
220 846 1024 902 En niet wee moedig of droefgeestig zijn.
220 912 1154 968 Ik wil probeeren aan een ander wat te schenken
222 982 944 1036 Door zelf een moedig mensch te zijn.
226 1116 910 1167 In de donkerste uren van het leven
220 1180 946 1235 Als over de harten het duister valt.
224 1246 990 1299 Is mij toch altijd dit geloof gegeven.
226 1310 910 1366 Dat moed geeft en de vuisten valt.
230 1446 918 1501 In de donkerste uren van het leven
224 1510 1010 1563 Heeft het geloof mij een lied gebracht.
224 1576 1014 1630 Deed het een lach om mijn lippen beven.
234 1643 930 1698 Voelde ik altijd een zachte kracht.
236 1773 1102 1829 Vrees niet, makker - geen strijd en gevaren
234 1841 940 1897 Vrees niet de dagen, die komen gaan
228 1905 1070 1964 Wees moedig en durf de zware oogenblikken
240 1980 598 2032 Lachend doorstaan.
