1700 2381
206 458 414 508 Vrees niet
210 523 618 574 Vrees niet der dagen
206 591 310 643 Zing.
206 655 1014 703 Die eens over de aarde gekomen zal zijn.
210 784 1078 838 Vrees niet, te breken met verouderde vormen
208 850 934 904 Wees niet ontmoedigd door tegenslag
204 916 1162 970 Houdt in 't geweld van de vreeselijkste stormen
212 986 852 1036 Omhoog uw hoofd, omhoog uw vlag!
210 1115 1562 1174 Sept. 1946. Veel moed om verder te schrijven had ik niet nà de dood
212 1182 1602 1240 van Papa, maar nu eindelijk tot rust gekomen, vind ik, dat ik 't toch
210 1257 618 1307 maar dòor moet gaan.
208 1316 1602 1376 In Singapore woonden we de maanden Nov. en Dec. in het Wilhelminacamp
212 1382 1546 1440 even in de stad, niet vèr van het bekende "Sea-vieuw" hotel. Begin
208 1449 1640 1507 Januari 42 werden we, ondanks mijn hevig protest verplaatst naar het Irene
214 1513 1622 1573 kamp 10 Mijl buiten de stad. Met de vele autobus stakingen waren we er
218 1581 1642 1639 op gelaten, want je zat van alles verlaten. I'ldr. Steve Macey kwam ons
212 1648 1624 1703 Zondags bijna altijd halen en dan gingen we met nog eenige piloten van
212 1714 1526 1769 de R.A.F. picnic-cen in éen van de mooie "beaches" van het eiland
218 1786 416 1838 Singapore.
216 1842 1624 1906 5. Febr.43 vertrokken we per "Alcantara". Jij werd de derde dag aan boord
218 1910 1604 1972 al erg ziek. Hooge koorts - mazelen. Je was heel zwak en daarom greep
