1707 2385
200 439 1614 503 het je zóo aan. Eén nacht is zelfs de wachtdokter erbij geroepen. Toen
210 505 1556 571 we in de Middell. Zee waren werd je uit het hospitaal ontslagen. In
204 571 1602 635 Southampton gingen we in twee groepen van boord. Wij waren bij de 2de
208 638 1598 705 groep en moesten vijf dagen doelloos stil blijven liggen in de haven.
208 704 1640 767 We mochten niet van boord. Het was ijs koud, overal sneeuw. We lagen in
216 770 1540 836 onverwarmde ruimen op "Standy's" (een soort brancards - drie boven
212 837 1580 903 elkaar). We hadden geen ruimte ergens iets neer te leggen. Alleen het
216 908 1564 970 voeten einde kon als berg ruimte gebruikt worden. Eindelijk kwam de
218 974 1602 1032 "Sibajak" terug en werden we in gescheept. We lagen op de grond in een
208 1037 1562 1104 mess room, eten was heerlijk en veel. Dond. 7 Mrt om 1 uur lagen we
216 1104 1644 1171 vòor IJmuiden en kwam de loods aan boord. We verheugden ons op de tocht
214 1168 1602 1233 door het Noordzee kanaal maar jawel - de radio riep om, dat de water-
216 1237 1606 1305 stand te laag was en we tot zes uur moesten wachten met binnen varen.
216 1303 1662 1369 Geduld is zulk een schoone zaak. Daar lagen we voor anker te dobberen me
216 1367 1648 1437 met Holland in zicht. De uren kropen. Eindelijk daar gingen we, maar in
216 1435 1594 1501 de sluis op nieuw pech. Een sluisdeur was stuk en 't zou eenige uren
220 1500 1654 1568 duren vòor het gerepareerd was. Ik ging maar slapen en werd den volgen-
226 1564 1614 1634 den morgen wakker liggend aan de Levant kade te Amsterdam. Onbeschrij-
224 1630 1592 1702 felijke emotie! Na 't ontbijt ging het debarkeeren vlot. In de loods
224 1697 1572 1768 kwam Jaap Eggersman ons verwelkomen en Flip Altes. Toen in een taxi
224 1764 1670 1834 naar de Amstelveenscheweg 243. Ik keek mijn oogen uit. Ook Wim was thuis
226 1832 1576 1902 en rende ons tegemoet. Even later kwamen oom Kees en Tante Dien met
224 1896 1656 1968 Wouter en Ella en Omi en Grootvader. Reuze gezellige lunch met zoo veel
