1699 2390
218 444 1564 498 menschen. Ik ging 's middags, terwijl jij rustte naar de B'dijkkade
216 510 1546 570 waar Tante Tonny ziek lag. De komende dagen waren dood-vermoeiend,
218 577 1638 632 emotie op emotie en steeds het zelfde verhalen. Kamp leven + over-
216 643 1622 697 lijden van Papa - reis enz. enz. Mei en Juni ging jij naar het kleuter
216 710 1524 765 klasje. We logeerden in de vacantie in Aerdenhout en in Enschede.
318 777 1586 831 3 Sept. ging je naar de grote school. De Hildebrandschool in de
218 841 1610 894 Anth van Dijckstr. Na je avond gebedje bad je altijd òf God voor Papa
218 909 1624 959 Guus wilde zorgen en eens zei je daarna tegen mij: "Mama, kant 'ie dat
218 975 1624 1026 wel?" Ik antwoorde: "Jazeker, Onze lieve Heer kan alles". "Nee, dat is
218 1042 1544 1093 niet waar", zei je prompt "want hij kan mijn Papa niet weer levend
214 1109 352 1157 maken."
208 1175 1656 1227 Maand. 16 Sept. was Papa's verjaardag en toen je 's morgens wakker werd,
216 1241 1606 1297 vertelde ik het aan je. "Zullen we hem een bloemetje sturen?" opperde
218 1310 1632 1363 je En toen ik ongeloovig keek "Ja, dat kan wel, Dan neem je een bloeme-
220 1378 1626 1427 tje en dat verbrand je en dan gaat de rook naar den hemel en dan heeft
216 1443 1640 1493 Papa een bloem van ons. Dat gebeurde in de Bijbel ook, weet je wel, met
216 1498 342 1558 Abel!"
218 1575 1582 1625 Maand. 29 April gingen we in Apeldoorn logeeren bij Grootvader Avis.
220 1641 1566 1695 Hij was niet 100% wat zijn geest betrof en soms twijfelde ik òf hij
218 1708 1626 1757 wist, wie wij waren. Jij wilde een stukje van zijn baard afknippen met
218 1773 1626 1823 een schaartje en toen was hij erg boos op je, want zijn baard was zijn
216 1839 1614 1894 trots. Dond. met de laatste trein gingen we naar Amsterd. terug. Vrij-
212 1906 1606 1958 dag's midd. rolde Pa van de trap en Zond. 5 Mei 's avonds half elf is
