1705 2384
204 460 1582 516 hij overleden. Vrijd. 10 Mei werd hij om 12.30 uur. in Westerveld ge-
204 533 390 586 cremeerd.
205 606 425 641 8 Jan. 1947
449 597 1566 644 Kort na je komst in Holland ging ik met je naar de tand-
204 660 1612 718 arts en constateerde hij dat je vier nieuwe kiezen kreeg. In Oct. liet
204 726 1598 783 ik je een permanent geven en droeg je een krul boven op 't hoofd, wat
208 792 1516 849 erg aardig stond. Niet lang daarna bv vielen je 2 boven - vòor en
212 857 1598 913 onder tanden eruit. Gelukkig zater er boven direct 2 nieuwe tanden en
212 927 910 979 onder één. Ze zijn nu al half lang.
204 998 726 1047 Je bent nu 1.17 c.M. lang.
208 1052 1612 1115 5 Dec. 's morgens vond Oom Jaap - Oma overleden in bed. De dokter ver-
204 1122 1638 1181 moedt, dat ze + 4 uur is gestorven. Gelukkig waren we 24 Nov. op Papa's
204 1188 1616 1248 sterfdag er nog samen geweest en gaf Oma je een bloed kralen armbandje
210 1254 1598 1316 met goud slotje, wat nog van haar zelf geweest was. Op Dec. werd
208 1321 1556 1382 ze in de fam.graf kelder te Naarden begraven. We zagen daar de kist
208 1390 1562 1450 van Grootvader Fritz, die daar ± 60 jaar geleden begraven werd, nog
212 1467 592 1517 ongeschonden staan.
212 1522 1558 1581 Laatst zat je bij me te praten en zei je een woord in vrij onzuiver
210 1588 1582 1650 Nederlandsch. Ik verbeterde je, waarop je zeer verongelijkt zei: "Ik
212 1664 758 1722 praat toch immers in klad".
316 1723 1172 1779 Je eerste rapport is werkelijk schitterend:
1212 1786 1316 1838 Bijbelsche Gesch. goed. Nuttige handwerken vold.
212 1791 1166 1849 Lezen	vold.	Orde en netheid	goed.
1212 1854 1322 1904 Schrijven	vold.	gedrag	goed.
