1707 2385
230 443 1618 506 Maleisch), die ik Papie stuurde 13-3-1943 en die hij gelukkig dus nog
240 510 1656 572 ontvangen heeft. Er zat ook een stukje papier in, waarin Guus met bijna
234 585 1076 636 onleesbaar schrift afscheid van ons neemt.
242 651 616 698 't Luidt als volgt:
294 714 982 772 Ms A.J.H. AVIS. Rochussenstraat 5
238 783 798 837 òf Mr Matthes Willemskade 3
778 845 1280 896 Mevr. T.C. Avis-Hulstijn.
298 916 458 974 Liefste.
336 1010 1626 1072 Tot dus-ver heeft mijn gezondheid, mij niet in de steek gelaten,
236 1074 1586 1140 maar helaas heeft een aller gemeenste tropische tropische zweer aan
236 1138 1602 1206 mijn enkel mij in het hospitaal doen belanden. Ondanks een goede be-
238 1206 1670 1272 handeling blijkt door complicaties operatief ingrijpen, zelfs misschien
242 1275 1588 1337 wel amputatie van een gedeelte van mijn been, noodzakelijk. Daar de
240 1341 1652 1403 risico's daarvan ma maar al te goed bekend zijn, wil ik je even schrij-
248 1405 1574 1469 ven, dat mijn laatste gedachten op de slachtbank voor jou en Mieke
242 1471 1630 1535 zullen zijn. Tracht,,voor geval het mis met me mocht gaan, een nieuw,
246 1537 1612 1603 gelukkig op te bouwen. Probeer Mieke tot een Christelijk leven op te
244 1601 1592 1667 voeden, waarbij je zelf zult moeten voor-gaan. Ik heb veel over dit
244 1668 1654 1733 alles gedacht. Helaas, kon ben ik zelf tot niet veel gekomen. Dat moet
250 1734 1650 1804 er van jongs af in gebracht worden. Wil mijn en ook jouw ouders t.z.t.
246 1816 634 1870 namens mij groeten.
344 1876 958 1934 Happy life, my dearest, my ? !
426 1948 512 2006 Guus
