1702 2390
972 478 1498 512 dit is vrijwel onlees baar
972 512 1294 544 misschien honey?
610 605 940 653 I never loved an
594 671 1004 719 other woman than you
574 737 924 785 but I have showed
554 805 960 853 it always to little!
815 872 897 905 G
216 907 712 959 24 / 11 / 43 7 uur V.M.
214 1029 1612 1089 Ik heb het precies zoo onver geschreven met alle fouten en verbeterin-
222 1095 1618 1159 gen. 't Was zijn hand maar erg beverig en ongelijk-matig en on-duidelijk.
318 1161 1620 1219 Van de datum, die er onder geschreven staat begrijp ik niet veel.
218 1228 1564 1285 Volgens de berichte van Kapt. Emons, is Papa 21 Nov. geamputeerd en
222 1293 1628 1351 24 Nov. 's morgens half acht buiten bewust zijn overleden. Het briefje
220 1359 1546 1421 moet hij dus vòòr de 21ste geschreven hebben. Zou hij dus het post
220 1423 1606 1485 scriptum één half uur vòor zijn sterven er aan toe gevoegd hebben? De
222 1491 1660 1551 datum is òok zijn hand, anders zou het mogelijk zijn, dat iemand anders,
222 1561 1506 1619 die, als zijnde het uur van zijn overlijden, er onder gezet had.
330 1627 1586 1683 'k Ben heel blij met dit bewijs van zijn liefde voor ons beide,
230 1692 1588 1753 maar 't was ook wel zoo'n groote emotie, dat ik niet nu weet hoe die
228 1758 1596 1819 dag verder omkwam. Ik moest vriendelijk zijn voor mijn gast vrouw en
228 1825 1596 1887 haar moeder en 't was zoo moeilijk. Ik verlangde zóo vurig alleen te
230 1899 790 1953 zijn en na te kunnen denken.
