1705 2391
205 463 1583 524 Oct. 1947 Van Maart - Oct. woonden we bij Tante Thea Loep en Astrid.
205 531 1551 589 op de Apollolaan 51. Daar 't onmogelijk was kamers te huren zijn we
199 599 1269 657 nu bij Omi en Opa gaan wonen. Jij vindt het prachtig.
211 663 1571 723 Laatst dankte je aan tafel vòor we fruit gegeten hadden en zei Tante
203 730 1591 791 Thea: "Mieke, jij geen fruit"? "Ja graag, maar ik heb al gedankt, hoe
199 799 1327 857 moet dat nu? O, zal ik even terug bidden?"; zei je toen.
207 863 1497 924 Met 1 Sept ging je naar de v. Loonschool in de Hondecoeterstraat
213 932 1617 992 (hoofd Mej. Spoormaker). Je moet wat bij werken met rekenen en taal en
209 1007 869 1056 ook de schrijf methode is anders.
309 1063 1571 1123 Laatst kwam je uit school. "O mammie, ik ben zó verrukt. Ik zit
203 1131 1543 1193 naast het liefste meisje van de hele klas. Ze heeft zo'n aardig ge-
209 1198 1311 1258 zichtje en dikke armen en benen, net gehakt balletjes".
307 1262 1557 1322 Niet lang daarna bad je op een avond. "Onze lieve Heer, mag ik
209 1328 1573 1390 nog jaren en jaren en jaren naast Ninè op school zitten en laat U me
209 1395 1571 1453 dood gaan als ik 80 jaar ben. Amen" en in één adem daarna tegen mij:
217 1463 1477 1517 'k Heb maar niet voor U gebeden, dat moet U nou maar eens zelf doen.
207 1524 1589 1587 We gaan naar nu dagelijks met lijn 3 naar en van school en koffie drinken,
213 1588 1635 1653 doe je bij Oom Kees en Tante Dien in de v. Baerlestr. Zaterdags middags
211 1657 1575 1721 heb je Zang van Mevr. Schender en studeren jullie "goud muiltje" in.
223 1723 1639 1785 't Is juist iets voor jou, over elfen en heksen en kabouters. Jij leeft
211 1800 915 1856 nog steeds in een sprookjes wereld.
213 1859 1595 1924 Juni 1948. j.l. Zaterdag was de uitvoering van "Goud muiltje". Je was
215 1926 1563 1988 er nerveus van. Alles slaagde uitstekend, alleen kwam je op met een
