1713 2388
216 453 1630 510 vlecht met een eind los geraakte strik uit je kabouter pak en met alle
222 516 1584 578 tien je vingers in je mond. En tijdens het zingen van de andere par-
220 588 1564 646 tijen, door de elf elvenkoningin en andere hoofdrollen, zag ik maar
220 656 1224 712 steeds je mond bewegen en deed je alle rollen mee.
318 723 1568 777 We fietsen vanaf Dec. heen en weer naar school en gaan nu twee
216 789 1564 845 maal per week zwemmen in de A.M.V.J. Je bent niets bang voor water,
220 857 1290 913 gaat met je kop er onder en zal het zeker gauw leren.
324 921 1608 975 Op school gaat het goed. Met rekenen moet je nog wat bij werken,
224 985 1670 1043 maar de nieuwe tafels van 17 en 18 ken je prompt. De schooljuffrouw zei,
220 1051 1634 1107 dat je heel goed in taal was, dat je je zo goed uit drukte! 't Kan ook
220 1117 1632 1173 niet anders want je leest alles, wat los en vast zit. Advertenties uit
222 1189 710 1239 de krant, alles - alles.
326 1249 1590 1305 In Maart waren we tien dagen bij Oom Jaap en Tante Jannie Fritz
226 1315 1596 1375 in huis, omdat Tante J. juist uit het Ziekenhuis kwam en ik haar zou
220 1392 370 1442 helpen.
224 1449 1630 1507 Binnen kort zouden we er weer gaan logeren, omdat Tante Jannie ge ope-
230 1510 1612 1574 reerd moest worden, maar 5 Juni is ze (vijf uur nà de operatie) over-
228 1588 774 1642 leden. Arme Jaap en Jaapje!
326 1651 1372 1707 Tante Thea is 1 Juni hertrouwd met Herman Wisselink.
232 1715 1654 1780 7 Sept. 1948. Mieke is eind Juli 10 dagen in een kinderpension in Noor-
232 1783 1632 1840 wijk geweest. Ze vond het er best. Had ruzie met de groote meisjes om-
230 1847 1558 1905 dat ze een ander kind plaagden. Dat kind werd dus onmiddelijk haar
232 1914 1662 1974 vriendinnetje en ze mochten samen naar de kamer van de kleintjes. Begin
