1714 2390
202 440 1606 518 Aug. gingen we 8 dagen naar Enschede en van 14-30 Aug. naar Bergen. We
206 508 1616 586 ontmoetten daar in 't pension ook twee kinderen uit Indië, die met hun
208 576 1536 652 mama's waren (papa's overleden.) Met z'n zessen gingen we naar een
206 641 1574 720 speel tuin "de bedriegertjes" en buiten schommels, wippen, glijbanen
206 711 1600 787 enz. enz. waren er ook veel gok spelen, waar dan steeds een dubbeltje
214 775 1584 851 in de gleuf moest gedaan, maar natuurlijk nooit iets gewonnen. Op de
216 839 1618 919 thuis weg beklaagde Mieke er zich over en zei: "Ik begrijp het wel, 't
214 908 1596 985 is ze alleen maar om de centjes te doen, maar je wat ervoor geven ho!
216 972 1598 1051 maar! Nu begrijp ik ook, waarom ze dat "de bedriegertjes" noemen"!!!.
214 1042 1578 1117 Ik heb een boek gekocht,uit het Russisch vertaald "Karik en Walja",
218 1104 1582 1181 dat je in één adem uit las, hoewel het eigenlijk nog wel wat te wijs
218 1168 1646 1250 was. Toen het uit was, zei Mieke, "ik zou het nog wel eens willen lezen
220 1236 1662 1318 met een notitieboekje ernaast en dan op willen schrijven, waar alles
224 1302 1650 1384 staat over de larven enzo, dan hoef ik niet dat heele verhaal steeds te
222 1404 348 1453 lezen.
234 1444 1390 1515 'k Vind dit frapant voor een kleine peuter van zeven jaar!
228 1499 1614 1584 Nov.'48 Mieke moet voor Omi, die in de keuken is, iets vragen aan Opa
232 1570 1616 1652 in de kamer. Ik hoor juist, als de deur open gaat Mieke's stem: "Opa,
232 1654 898 1720 Je Martetje vraagt - - - – — - ."
230 1704 1598 1786 Mieke vraagt me: wat zenuwen zijn. 'k Leg het zoo eenvoudig mogelijk
230 1771 1680 1854 uit. "Je kunt ook koud en warm ermee voelen". "Nou ja, dat kan iedereen",
236 1867 438 1922 zegt Miek.
