1705 2389
208 458 1620 524 Maar in vertrouwen vertelde je je me, dat je Juffr. bij kleine kinder-
224 529 1626 594 tjes wou worden. M Niet zo heel erg kleine, maar waar je mee knutselen
216 595 1606 662 kan. 30 Mrt. Toen ik je van de week naar bed bracht, moest ik versjes
222 665 1650 727 voor je zingen.o.a. zong ik toen van "Lieveling 't is tijd". Je lag erg
220 731 1608 791 devoot te luisteren, maar toen ik aan de regel "Niemand wikkelt je in
222 796 1608 862 het dek, zoals ik dat doe". kwam, zei je verontwaardigd: "Ik vind die
220 864 1630 929 moeder toch wel erg hoog moedig, dat ze dat van haarzelf zegt, als dat
220 930 1106 993 kindje, dat nu nog zegt, is het wat anders."
324 995 1548 1057 Gisteren speelden er twee zusjes bij je, die nogal Amsterdams
230 1060 1574 1128 spreken. Toen ze weg waren, zei je: Mammie, ik vind, dat die Anneke
226 1126 1634 1194 en Ineke wel erg slordig praten, van "ken" en zo. Toen ik zei, dat ze
224 1194 1590 1261 maar niet àl te dikwijls moesten komen, zei je "O je hoeft heus niet
224 1251 1630 1325 bang te zijn, dat ik zo zal gaan praten. 'k Hoor het wel aan de klank"
224 1328 1512 1392 Je Paas rapport was tamelijk goed, alleen voor rekenen een vijf.
224 1392 1598 1460 Juli '49 Je zei, dat je later een boek wilde schrijven en dat je al
228 1459 1618 1526 wist, waarover maar er geen eind aan kon maken. Ik opperde, toen, dat
234 1526 1636 1597 je het eens op moest schrijven, maar je zag tegen 't kwarwei op en toen
232 1595 1618 1661 ik je aanbood voor je te schrijven, als jij het zou dicteren, vond je
232 1677 492 1727 dat prachtig.
332 1725 1646 1789 Ik laat het op stel, hier volgen, waarin ik geen woord veranderde
236 1804 796 1860 en je ook niets suggereerde.
