1709 2384
216 449 1624 505 naar Amsterdam gingen, maar wij twee-tjes bleven er toch nog aan. En O
212 516 1610 571 wat hadden wij veel te zien voor onze kleine oogjes, die altijd in de
220 587 558 642 zee gewend waren.
312 647 1624 708 Eerst ging die Moeder met haar kind in een autobus en toen in een
216 715 1590 771 trein en toen kwamen we eindelijk op dat drukke perron van Amsterdam
216 781 1588 841 zelf. Tjonge, tjonge, wat was het daar druk! Gekke walvissen rae-den
216 849 1606 905 voorbij, waar gekke ronde dingen onder waren en ook snoekjes met twee
220 916 1506 974 ronde dingen. (ter zijde: U begrijpt het zeker wel, hè, dat zijn
216 990 604 1042 auto's en fietsen!)
312 1047 1664 1105 En toen kwamen we eindelijk in het huis Het zag er heus heel anders
218 1115 1626 1175 uit, dan ons koraalpaleis en ze hadden daar dingen voor de ramen, waar
220 1182 1566 1245 je alles door kon zien, maar als je eruit wou, bonkte je tegen iets
216 1248 1590 1307 hards aan. Dat noemen de mensen, geloof ik, glas. Maar ja, aan alles
216 1322 506 1376 komt een eind.
322 1376 1594 1438 Eindeijk werd het meisje 's avonds gewassen en ook handen
220 1444 1606 1506 kregen een flinke beurt. En daar dreven wij nou in warm water. O jon-
224 1519 710 1575 gens wat was dat lekker!
320 1575 1634 1637 Toen spoelde moeder de bak leeg in de was bak en verdwenen wij in
224 1641 1558 1706 een donker gat. Bah, wat was het daar vies glibberig. En eindelijk
228 1709 1634 1773 kwamen wij weer in een groot water uit, waar het lang niet zo stormde,
224 1777 1578 1837 als in de zee. O nee! (even ter zijde: "U begrijpt wel, dat was het
226 1843 1572 1905 IJsselmeer!") En daar waren andere korrels dan in de zee, die hadden
226 1909 1636 1973 wel meer van deze passagiers gehad en die wisten wel iets te vinden in
