1712 2387
207 431 855 489 de afsluitdijk, waar je doorkon.
307 501 1621 565 En zo kwamen wij weer in de zee bij al onze vriendjes. En o – wat
207 565 1621 637 hadden we veel te vertellen. Wij schepten natuurlijk wel een beetje op,
207 633 715 689 maar ja- dat hoort erbij.
307 701 1661 765 En toen wij fijn in ons bedje van het koraal paleis lagen, droomden
211 766 677 819 wij van onze avonturen!
205 891 431 955 23 Sept.'49 8 jaar.
1387 907 1537 966 Het ontevreden Prinsesje.
723 965 1233 1032 ——
203 1165 1653 1229 Er was een prinsesje in het land, dat altijd heel onaardig en ontevreden
203 1231 1649 1297 was. Van boeken hield ze niet en ook van een heleboel andere spelletjes.
203 1297 1617 1359 Bijna alle mooie cadeautjes had ze in haar speelgoedkast en als iemand
203 1363 1617 1425 haar weer een mooi cadeautje wou geven, zei ze: "Ik heb al - en ik wil
203 1431 807 1482 het niet" En zo kreeg ze later
203 1495 929 1550 de bijnaam van Prinsesje Ontevreden!
199 1563 753 1617 En je begrijpt wel, dat die
203 1629 693 1685 vader en die moeder, dat
199 1698 603 1748 niet zo leuk vonden.
303 1764 707 1814 Toen ze in hun mooie
203 1830 709 1884 tuin zaten bij de vijver,
203 1895 671 1949 zagen ze een heel klein
