<?xml version="1.0" encoding="UTF-8" standalone="yes"?>
<PcGts xmlns="http://schema.primaresearch.org/PAGE/gts/pagecontent/2013-07-15" xmlns:xsi="http://www.w3.org/2001/XMLSchema-instance" xsi:schemaLocation="http://schema.primaresearch.org/PAGE/gts/pagecontent/2013-07-15 http://schema.primaresearch.org/PAGE/gts/pagecontent/2013-07-15/pagecontent.xsd">
    <Metadata>
        <Creator>Transkribus</Creator>
        <Created>2024-10-04T16:38:54.020+02:00</Created>
        <LastChange>2024-10-06T14:51:11.969+02:00</LastChange>
        <TranskribusMetadata docId="4508828" pageId="79709984" pageNr="77" tsid="191705820" status="IN_PROGRESS" userId="224338" imgUrl="https://files.transkribus.eu/Get?id=QUWISWMRYRNFOVUGJZMKIUZG&amp;fileType=view" xmlUrl="https://files.transkribus.eu/Get?id=UDTLGTOQOAIOSTYYUYHJYRMU" imageId="65103898"/>
    </Metadata>
    <Page imageFilename="0077_NL-AsdNIOD_401_0161_0078.jpg" imageWidth="1709" imageHeight="2384">
        <ReadingOrder>
            <OrderedGroup id="ro_1729171049928" caption="Regions reading order">
                <RegionRefIndexed index="0" regionRef="tr_1"/>
            </OrderedGroup>
        </ReadingOrder>
        <TextRegion orientation="0.0" id="tr_1" custom="readingOrder {index:0;}">
            <Coords points="200,315 200,1975 1636,1975 1636,315"/>
            <TextLine id="tr_1_tl_1" custom="readingOrder {index:0;}">
                <Coords points="788,361 817,367 846,367 876,368 876,322 846,321 817,321 788,315"/>
                <Baseline points="788,346 817,352 846,352 876,353"/>
            </TextLine>
            <TextLine id="tr_1_tl_2" custom="readingOrder {index:1;}">
                <Coords points="200,505 225,504 251,504 277,504 303,503 329,503 355,501 381,501 407,501 433,501 459,501 484,501 510,501 536,501 562,499 588,500 614,500 640,499 666,498 692,497 718,499 718,453 692,451 666,452 640,453 614,454 588,454 562,453 536,455 510,455 484,455 459,455 433,455 407,455 381,455 355,455 329,457 303,457 277,458 251,458 225,458 200,459"/>
                <Baseline points="200,490 225,489 251,489 277,489 303,488 329,488 355,486 381,486 407,486 433,486 459,486 484,486 510,486 536,486 562,484 588,485 614,485 640,484 666,483 692,482 718,484"/>
                <TextEquiv>
                    <Unicode>elfje zitten op een elven-</Unicode>
                </TextEquiv>
            </TextLine>
            <TextLine id="tr_1_tl_3" custom="readingOrder {index:2;}">
                <Coords points="206,573 234,569 262,569 291,569 319,569 348,569 376,569 404,569 433,569 461,568 490,567 518,566 546,565 575,565 603,565 632,564 660,563 688,565 717,563 745,565 774,567 774,521 745,519 717,517 688,519 660,517 632,518 603,519 575,519 546,519 518,520 490,521 461,522 433,523 404,523 376,523 348,523 319,523 291,523 262,523 234,523 206,527"/>
                <Baseline points="206,558 234,554 262,554 291,554 319,554 348,554 376,554 404,554 433,554 461,553 490,552 518,551 546,550 575,550 603,550 632,549 660,548 688,550 717,548 745,550 774,552"/>
                <TextEquiv>
                    <Unicode>kele klokje. Ze zei: "Ik heb
</Unicode>
                </TextEquiv>
            </TextLine>
            <TextLine id="tr_1_tl_4" custom="readingOrder {index:3;}">
                <Coords points="210,645 249,639 289,637 329,636 369,635 409,635 449,634 489,633 529,633 569,633 609,633 648,633 688,631 728,630 768,631 808,629 848,629 888,629 928,629 968,629 1008,629 1008,584 968,584 928,584 888,584 848,584 808,584 768,586 728,585 688,586 648,588 609,588 569,588 529,588 489,588 449,589 409,590 369,590 329,591 289,592 249,594 210,600"/>
                <Baseline points="210,630 249,624 289,622 329,621 369,620 409,620 449,619 489,618 529,618 569,618 609,618 648,618 688,616 728,615 768,616 808,614 848,614 888,614 928,614 968,614 1008,614"/>
                <TextEquiv>
                    <Unicode>gehoord, dat Uw kindje zo ontevreden is.
</Unicode>
                </TextEquiv>
            </TextLine>
            <TextLine id="tr_1_tl_5" custom="readingOrder {index:4;}">
                <Coords points="204,707 273,703 342,703 412,703 481,701 551,700 620,700 689,697 759,697 828,697 898,697 967,695 1036,693 1106,693 1175,693 1245,693 1314,692 1383,691 1453,690 1522,689 1592,687 1592,642 1522,644 1453,645 1383,646 1314,647 1245,648 1175,648 1106,648 1036,648 967,650 898,652 828,652 759,652 689,652 620,655 551,655 481,656 412,658 342,658 273,658 204,662"/>
                <Baseline points="204,692 273,688 342,688 412,688 481,686 551,685 620,685 689,682 759,682 828,682 898,682 967,680 1036,678 1106,678 1175,678 1245,678 1314,677 1383,676 1453,675 1522,674 1592,672"/>
                <TextEquiv>
                    <Unicode>Misschien kunnen wij U wel helpen. Misschien onze koningin en de reus
</Unicode>
                </TextEquiv>
            </TextLine>
            <TextLine id="tr_1_tl_6" custom="readingOrder {index:5;}">
                <Coords points="208,773 262,773 316,771 370,771 425,771 479,769 533,767 588,766 642,765 696,765 751,763 805,763 859,763 913,763 968,761 1022,761 1076,761 1131,759 1185,759 1239,759 1294,763 1294,717 1239,713 1185,713 1131,713 1076,715 1022,715 968,715 913,717 859,717 805,717 751,717 696,719 642,719 588,720 533,721 479,723 425,725 370,725 316,725 262,727 208,727"/>
                <Baseline points="208,758 262,758 316,756 370,756 425,756 479,754 533,752 588,751 642,750 696,750 751,748 805,748 859,748 913,748 968,746 1022,746 1076,746 1131,744 1185,744 1239,744 1294,748"/>
                <TextEquiv>
                    <Unicode>en 't lelijke kaboutertje kunnen ook wel te pas komen.
</Unicode>
                </TextEquiv>
            </TextLine>
            <TextLine id="tr_1_tl_7" custom="readingOrder {index:6;}">
                <Coords points="308,839 373,837 438,837 503,835 568,833 633,833 698,832 763,831 828,829 893,829 959,829 1024,827 1089,827 1154,825 1219,825 1284,825 1349,825 1414,823 1479,822 1544,821 1610,823 1610,777 1544,775 1479,776 1414,777 1349,779 1284,779 1219,779 1154,779 1089,781 1024,781 959,783 893,783 828,783 763,785 698,786 633,787 568,787 503,789 438,791 373,791 308,793"/>
                <Baseline points="308,824 373,822 438,822 503,820 568,818 633,818 698,817 763,816 828,814 893,814 959,814 1024,812 1089,812 1154,810 1219,810 1284,810 1349,810 1414,808 1479,807 1544,806 1610,808"/>
                <TextEquiv>
                    <Unicode>En 's nachts, toen 't Prinsesje in haar bedje lag te slapen, kwa-
</Unicode>
                </TextEquiv>
            </TextLine>
            <TextLine id="tr_1_tl_8" custom="readingOrder {index:7;}">
                <Coords points="208,907 278,905 348,903 418,905 489,901 559,901 629,899 700,897 770,897 840,897 911,896 981,895 1051,895 1121,893 1192,893 1262,892 1332,891 1403,891 1473,889 1543,887 1614,889 1614,843 1543,841 1473,843 1403,845 1332,845 1262,846 1192,847 1121,847 1051,849 981,849 911,850 840,851 770,851 700,851 629,853 559,855 489,855 418,859 348,857 278,859 208,861"/>
                <Baseline points="208,892 278,890 348,888 418,890 489,886 559,886 629,884 700,882 770,882 840,882 911,881 981,880 1051,880 1121,878 1192,878 1262,877 1332,876 1403,876 1473,874 1543,872 1614,874"/>
                <TextEquiv>
                    <Unicode>men de elfjes met een mooi wagentje met een bedje erin, dat ze met hun
</Unicode>
                </TextEquiv>
            </TextLine>
            <TextLine id="tr_1_tl_9" custom="readingOrder {index:8;}">
                <Coords points="208,975 249,973 290,973 331,971 373,969 414,969 455,969 497,969 538,969 579,969 621,967 662,966 703,965 744,964 786,963 827,963 868,963 910,963 951,963 992,963 1034,965 1034,919 992,917 951,917 910,917 868,917 827,917 786,917 744,918 703,919 662,920 621,921 579,923 538,923 497,923 455,923 414,923 373,923 331,925 290,927 249,927 208,929"/>
                <Baseline points="208,960 249,958 290,958 331,956 373,954 414,954 455,954 497,954 538,954 579,954 621,952 662,951 703,950 744,949 786,948 827,948 868,948 910,948 951,948 992,948 1034,950"/>
                <TextEquiv>
                    <Unicode>alleen voorttrokken en dat was hèel veel.
</Unicode>
                </TextEquiv>
            </TextLine>
            <TextLine id="tr_1_tl_10" custom="readingOrder {index:9;}">
                <Coords points="304,1039 370,1037 437,1037 503,1035 570,1035 637,1033 703,1033 770,1031 836,1031 903,1029 970,1029 1036,1027 1103,1027 1169,1025 1236,1024 1302,1023 1369,1023 1436,1022 1502,1022 1569,1021 1636,1023 1636,977 1569,975 1502,976 1436,976 1369,977 1302,977 1236,978 1169,979 1103,981 1036,981 970,983 903,983 836,985 770,985 703,987 637,987 570,989 503,989 437,991 370,991 304,993"/>
                <Baseline points="304,1024 370,1022 437,1022 503,1020 570,1020 637,1018 703,1018 770,1016 836,1016 903,1014 970,1014 1036,1012 1103,1012 1169,1010 1236,1009 1302,1008 1369,1008 1436,1007 1502,1007 1569,1006 1636,1008"/>
                <TextEquiv>
                    <Unicode>Daarin werd ze overgetild. Toen gingen ze naar het land van sneeuw
</Unicode>
                </TextEquiv>
            </TextLine>
            <TextLine id="tr_1_tl_11" custom="readingOrder {index:10;}">
                <Coords points="214,1108 283,1106 353,1104 422,1103 492,1102 561,1100 631,1098 700,1096 770,1096 839,1094 909,1094 978,1094 1048,1092 1117,1092 1187,1092 1256,1090 1326,1089 1395,1088 1465,1087 1534,1087 1604,1092 1604,1049 1534,1044 1465,1044 1395,1045 1326,1046 1256,1047 1187,1049 1117,1049 1048,1049 978,1051 909,1051 839,1051 770,1053 700,1053 631,1055 561,1057 492,1059 422,1060 353,1061 283,1063 214,1065"/>
                <Baseline points="214,1094 283,1092 353,1090 422,1089 492,1088 561,1086 631,1084 700,1082 770,1082 839,1080 909,1080 978,1080 1048,1078 1117,1078 1187,1078 1256,1076 1326,1075 1395,1074 1465,1073 1534,1073 1604,1078"/>
                <TextEquiv>
                    <Unicode>en ijs, waar het Kerstmannetje woonde. Het ging, hoe langer, hoe vlug-
</Unicode>
                </TextEquiv>
            </TextLine>
            <TextLine id="tr_1_tl_12" custom="readingOrder {index:11;}">
                <Coords points="208,1178 278,1172 348,1172 418,1170 488,1170 559,1168 629,1166 699,1165 769,1162 839,1162 910,1160 980,1160 1050,1158 1120,1157 1190,1156 1261,1154 1331,1154 1401,1154 1471,1152 1541,1152 1612,1150 1612,1107 1541,1109 1471,1109 1401,1111 1331,1111 1261,1111 1190,1113 1120,1114 1050,1115 980,1117 910,1117 839,1119 769,1119 699,1122 629,1123 559,1125 488,1127 418,1127 348,1129 278,1129 208,1135"/>
                <Baseline points="208,1164 278,1158 348,1158 418,1156 488,1156 559,1154 629,1152 699,1151 769,1148 839,1148 910,1146 980,1146 1050,1144 1120,1143 1190,1142 1261,1140 1331,1140 1401,1140 1471,1138 1541,1138 1612,1136"/>
                <TextEquiv>
                    <Unicode>ger en een ijzige wind gind langs hun heen en daar door werd het Prin-
</Unicode>
                </TextEquiv>
            </TextLine>
            <TextLine id="tr_1_tl_13" custom="readingOrder {index:12;}">
                <Coords points="216,1241 242,1239 268,1239 294,1239 320,1238 347,1237 373,1237 399,1237 425,1237 451,1237 478,1239 478,1193 451,1191 425,1191 399,1191 373,1191 347,1191 320,1192 294,1193 268,1193 242,1193 216,1195"/>
                <Baseline points="216,1226 242,1224 268,1224 294,1224 320,1223 347,1222 373,1222 399,1222 425,1222 451,1222 478,1224"/>
                <TextEquiv>
                    <Unicode>sesje wakker.</Unicode>
                </TextEquiv>
            </TextLine>
            <TextLine id="tr_1_tl_14" custom="readingOrder {index:13;}">
                <Coords points="220,1837 289,1835 359,1833 428,1833 498,1833 567,1833 637,1831 706,1831 776,1829 845,1827 915,1825 984,1825 1054,1823 1123,1821 1193,1819 1262,1819 1332,1818 1401,1817 1471,1817 1540,1816 1610,1817 1610,1771 1540,1770 1471,1771 1401,1771 1332,1772 1262,1773 1193,1773 1123,1775 1054,1777 984,1779 915,1779 845,1781 776,1783 706,1785 637,1785 567,1787 498,1787 428,1787 359,1787 289,1789 220,1791"/>
                <Baseline points="220,1822 289,1820 359,1818 428,1818 498,1818 567,1818 637,1816 706,1816 776,1814 845,1812 915,1810 984,1810 1054,1808 1123,1806 1193,1804 1262,1804 1332,1803 1401,1802 1471,1802 1540,1801 1610,1802"/>
                <TextEquiv>
                    <Unicode>Het Kerstmannetje stond al op de uitkijk en zei vriendelijk tegen het</Unicode>
                </TextEquiv>
            </TextLine>
            <TextLine id="tr_1_tl_15" custom="readingOrder {index:14;}">
                <Coords points="224,1907 294,1903 364,1901 435,1901 505,1899 576,1899 646,1897 716,1895 787,1893 857,1893 928,1892 998,1891 1068,1889 1139,1887 1209,1885 1280,1885 1350,1885 1420,1883 1491,1883 1561,1882 1632,1881 1632,1835 1561,1836 1491,1837 1420,1837 1350,1839 1280,1839 1209,1839 1139,1841 1068,1843 998,1845 928,1846 857,1847 787,1847 716,1849 646,1851 576,1853 505,1853 435,1855 364,1855 294,1857 224,1861"/>
                <Baseline points="224,1892 294,1888 364,1886 435,1886 505,1884 576,1884 646,1882 716,1880 787,1878 857,1878 928,1877 998,1876 1068,1874 1139,1872 1209,1870 1280,1870 1350,1870 1420,1868 1491,1868 1561,1867 1632,1866"/>
                <TextEquiv>
                    <Unicode>Prinsesje: "Hoe zou je het vinden, als je eens een tijdje bij ons kwam
</Unicode>
                </TextEquiv>
            </TextLine>
            <TextLine id="tr_1_tl_16" custom="readingOrder {index:15;}">
                <Coords points="224,1975 291,1971 358,1969 425,1963 492,1965 560,1964 627,1964 694,1961 761,1959 828,1958 896,1957 963,1957 1030,1955 1097,1956 1164,1955 1232,1953 1299,1951 1366,1951 1433,1949 1500,1949 1568,1949 1568,1903 1500,1903 1433,1903 1366,1905 1299,1905 1232,1907 1164,1909 1097,1910 1030,1909 963,1911 896,1911 828,1912 761,1913 694,1915 627,1918 560,1918 492,1919 425,1917 358,1923 291,1925 224,1929"/>
                <Baseline points="224,1960 291,1956 358,1954 425,1948 492,1950 560,1949 627,1949 694,1946 761,1944 828,1943 896,1942 963,1942 1030,1940 1097,1941 1164,1940 1232,1938 1299,1936 1366,1936 1433,1934 1500,1934 1568,1934"/>
                <TextEquiv>
                    <Unicode>logeren?" "Niks an", zei 't Prinsesje koppig, " 't Is hier toch maar</Unicode>
                </TextEquiv>
            </TextLine>
        </TextRegion>
    </Page>
</PcGts>
