1718 2392
230 478 354 534 koud".
340 538 1582 595 "Nee, hoor," zei 't kerst mannetje en begon haar in te wrijven
238 602 1638 664 met sneeuw. M "Nee, nee, nee", gilde het Prinsesje, "breng me dan maar
234 678 476 730 naar Indië".
334 736 1624 796 (Toen gingen ze met z'n allen met het wagentje, dat zelf ook een
234 808 862 864 beetje vliegen kon, naar Indië)
338 866 1608 926 Toen gingen ze met z'n allen met het wagentje, dat zelf ook een
244 934 1588 994 beetje vliegen kon, naar Indië. Maar dat was heel griezelig zo hoog
238 1002 1388 1062 boven de zee en ze had helemaal geen speel goed bij zich.
342 1068 1668 1128 En in Indië was het zó snik heet, dat ze de hele dag niets anders,
234 1146 562 1195 dan zwemmen wou.
338 1203 1616 1263 Toen verlangde ze toch wel erg naar huis met de mooie vijver en
242 1276 886 1332 het vele speel goed, dat ze had.
346 1331 1664 1396 Toen zei ze: "Laat me nou maar weer naar Holland toegaan. "Natuur-
242 1408 1050 1466 lijk", zeiden de elfjes, "met genoegen"!
342 1469 1652 1530 En daar zaten haar vader en moeder weer te wachten bij de vijver,
246 1545 730 1597 zo als af gesproken was.
244 1600 1636 1663 En de elfjes namen een heleboel van haar speelgoed mee om aan de arme
252 1664 1652 1730 kindertjes uit te delen. Maar zelf hield ze toch ook een heleboel din-
254 1732 1626 1797 gen over en van die tijd af, was het Prinsesje nooit ontevreden meer.
246 1792 1652 1859 Mei '50 Mieke: Moeder ga je Zaterdag naar de bazaar. van de padvinde-
252 1862 1654 1929 rij? Maar dan moet je veel centjes hebben en die heb je nu niet! (door
250 1929 1618 1993 devaluatie Ind. guld. 1/3 van de levensverz.uitbetaald) Maar Jansma
