1707 2385
208 451 1618 521 zal wel voor je vechten, hè. Wat ben je toch gelukkig, dat je de beste
208 519 1578 585 advocaat van heel Amsterdam hebt, hè. Toch is het eigenlijk een mooi
212 589 1278 654 beroep, als je iets dat onrecht is, weer recht maakt.
208 652 1596 722 Ik zei: Ja en als je goed je best doet op school moet je dat ook maar
212 732 694 788 worden nèt als je vader.
218 784 1616 854 Mieke: O, maar hoe moet dat dan met mijn boeken schrijven en mijn kin-
220 869 538 922 deren op passen.
216 918 1586 990 Ik: boeken schrijven kun je er wel bij doen en je kunt advocaat voor
216 1005 540 1057 kinderen worden.
218 1049 1650 1121 Mieke: Maar hoe moet dat dan voor kinderen vechten? O ja natuurlijk dat
220 1115 1628 1189 ze wat meer gras hebben om op te spelen. Dan zal ik vragen of ze in 't
222 1183 1624 1255 Vondelpark waar toch zoveel gras is, wat hekjes weg halen van een paar
226 1248 1594 1322 velden. ..... Maar als nu een kind stout is, moet hij toch eigenlijk
220 1314 1592 1388 wel straf hebben, b.v. als je je hand niet uitsteekt met fietsen.,En
224 1396 726 1454 hoe moet je dat dan doen.
224 1446 1630 1520 Ik: Ja maar dan kun je, wel wat vergoeielijken en dat moet je nu juist
224 1510 1634 1586 allemaal lezen, hoe je dat precies doet, anders kon iedereen wel advo-
228 1579 1634 1654 caat zijn. Mieke: O ja, dan zeg ik, Mijnheer ze is nog zo klein en kan
234 1645 1652 1722 pas fietsen en 't gaat toch niet allemaal ineens en als ze 't wat beter
228 1729 954 1786 kan, zal ze wel haar hand uitsteken.
232 1782 1674 1852 Later boven op de slaapkamer: "Moeder, als ik later advocaat ben, dat is
236 1846 1660 1922 alleen maar uit liefde hè daar verdien je niets mee". Toen ik je op dat
236 1914 1640 1990 punt gerust stelde zei je. "Dan ga ik een heeleboel sparen en dan gaan
