<?xml version="1.0" encoding="UTF-8" standalone="yes"?>
<PcGts xmlns="http://schema.primaresearch.org/PAGE/gts/pagecontent/2013-07-15" xmlns:xsi="http://www.w3.org/2001/XMLSchema-instance" xsi:schemaLocation="http://schema.primaresearch.org/PAGE/gts/pagecontent/2013-07-15 http://schema.primaresearch.org/PAGE/gts/pagecontent/2013-07-15/pagecontent.xsd">
    <Metadata>
        <Creator>Transkribus</Creator>
        <Created>2024-10-04T16:38:54.334+02:00</Created>
        <LastChange>2024-10-17T15:16:09.675+02:00</LastChange>
        <TranskribusMetadata docId="4508828" pageId="79709986" pageNr="80" tsid="194354240" status="DONE" userId="195595" imgUrl="https://files.transkribus.eu/Get?id=GCASDBHMICHZKGFPXDVKKYVY&amp;fileType=view" xmlUrl="https://files.transkribus.eu/Get?id=NYBLGWUADQQRJPMHHWCWHDQI" imageId="65103900"/>
    </Metadata>
    <Page imageFilename="0080_NL-AsdNIOD_401_0161_0081.jpg" imageWidth="1705" imageHeight="2396">
        <ReadingOrder>
            <OrderedGroup id="ro_1729171049948" caption="Regions reading order">
                <RegionRefIndexed index="0" regionRef="r"/>
                <RegionRefIndexed index="1" regionRef="r_6"/>
            </OrderedGroup>
        </ReadingOrder>
        <TextRegion id="r" custom="readingOrder {index:0;} structure {type:paragraph;}">
            <Coords points="220,349 220,946 1646,946 1646,349"/>
            <TextLine id="tr_1_tl_1" custom="readingOrder {index:0;}">
                <Coords points="806,398 837,402 868,400 899,400 930,400 930,351 899,351 868,351 837,353 806,349"/>
                <Baseline points="806,382 837,386 868,384 899,384 930,384"/>
                <TextEquiv>
                    <Unicode></Unicode>
                </TextEquiv>
            </TextLine>
            <TextLine id="tr_1_tl_2" custom="readingOrder {index:1;}">
                <Coords points="224,534 295,535 366,536 437,536 508,536 579,534 650,536 721,536 792,536 863,534 935,535 1006,534 1077,536 1148,534 1219,536 1290,536 1361,534 1432,535 1503,536 1574,534 1646,538 1646,490 1574,486 1503,488 1432,487 1361,486 1290,488 1219,488 1148,486 1077,488 1006,486 935,487 863,486 792,488 721,488 650,488 579,486 508,488 437,488 366,488 295,487 224,486"/>
                <Baseline points="224,518 295,519 366,520 437,520 508,520 579,518 650,520 721,520 792,520 863,518 935,519 1006,518 1077,520 1148,518 1219,520 1290,520 1361,518 1432,519 1503,520 1574,518 1646,522"/>
                <TextEquiv>
                    <Unicode>wij samen een heel dagje uit en dan hoef jij dien dag niets te betalen.</Unicode>
                </TextEquiv>
            </TextLine>
            <TextLine id="tr_1_tl_3" custom="readingOrder {index:2;}">
                <Coords points="220,599 290,601 361,601 432,599 502,601 573,599 644,599 714,600 785,601 856,599 927,599 997,599 1068,599 1139,599 1209,599 1280,599 1351,599 1421,599 1492,600 1563,601 1634,601 1634,555 1563,555 1492,554 1421,553 1351,553 1280,553 1209,553 1139,553 1068,553 997,553 927,553 856,553 785,555 714,554 644,553 573,553 502,555 432,553 361,555 290,555 220,553"/>
                <Baseline points="220,584 290,586 361,586 432,584 502,586 573,584 644,584 714,585 785,586 856,584 927,584 997,584 1068,584 1139,584 1209,584 1280,584 1351,584 1421,584 1492,585 1563,586 1634,586"/>
                <TextEquiv>
                    <Unicode>Fijn hè! Dan ben je natuurlijk al een oud dametje maar niet zo dik als
</Unicode>
                </TextEquiv>
            </TextLine>
            <TextLine id="tr_1_tl_4" custom="readingOrder {index:3;} person {offset:0; length:4;}">
                <Coords points="226,668 294,668 363,668 431,668 500,668 569,668 637,667 706,666 774,667 843,667 912,668 980,666 1049,666 1117,666 1186,666 1255,668 1323,668 1392,668 1460,668 1529,668 1598,670 1598,622 1529,620 1460,620 1392,620 1323,620 1255,620 1186,618 1117,618 1049,618 980,618 912,620 843,619 774,619 706,618 637,619 569,620 500,620 431,620 363,620 294,620 226,620"/>
                <Baseline points="226,652 294,652 363,652 431,652 500,652 569,652 637,651 706,650 774,651 843,651 912,652 980,650 1049,650 1117,650 1186,650 1255,652 1323,652 1392,652 1460,652 1529,652 1598,654"/>
                <TextEquiv>
                    <Unicode>Omi hoor. Dan gaan we met een taxi, ten minste als ik nog geen eigen</Unicode>
                </TextEquiv>
            </TextLine>
            <TextLine id="tr_1_tl_5" custom="readingOrder {index:4;}">
                <Coords points="226,736 293,734 360,734 428,734 495,734 563,734 630,733 697,734 765,732 832,734 900,733 967,732 1034,732 1102,732 1169,732 1237,732 1304,734 1371,734 1439,733 1506,734 1574,738 1574,690 1506,686 1439,685 1371,686 1304,686 1237,684 1169,684 1102,684 1034,684 967,684 900,685 832,686 765,684 697,686 630,685 563,686 495,686 428,686 360,686 293,686 226,688"/>
                <Baseline points="226,720 293,718 360,718 428,718 495,718 563,718 630,717 697,718 765,716 832,718 900,717 967,716 1034,716 1102,716 1169,716 1237,716 1304,718 1371,718 1439,717 1506,718 1574,722"/>
                <TextEquiv>
                    <Unicode>auto heb- en dan gaan we buiten de stad wandelen en dan moet je een
</Unicode>
                </TextEquiv>
            </TextLine>
            <TextLine id="tr_1_tl_6" custom="readingOrder {index:5;}">
                <Coords points="230,801 298,800 366,801 435,799 503,799 572,799 640,799 708,799 777,799 845,799 914,799 982,799 1050,799 1119,799 1187,799 1256,799 1324,799 1392,799 1461,799 1529,799 1598,801 1598,755 1529,753 1461,753 1392,753 1324,753 1256,753 1187,753 1119,753 1050,753 982,753 914,753 845,753 777,753 708,753 640,753 572,753 503,753 435,753 366,755 298,754 230,755"/>
                <Baseline points="230,786 298,785 366,786 435,784 503,784 572,784 640,784 708,784 777,784 845,784 914,784 982,784 1050,784 1119,784 1187,784 1256,784 1324,784 1392,784 1461,784 1529,784 1598,786"/>
                <TextEquiv>
                    <Unicode>leeg potje mee nemen om bramen in te doen, daar kan je jam van maken
</Unicode>
                </TextEquiv>
            </TextLine>
            <TextLine id="tr_1_tl_7" custom="readingOrder {index:6;}">
                <Coords points="226,866 295,867 365,867 434,866 504,866 573,866 643,866 712,866 782,866 851,866 921,866 990,867 1060,868 1129,866 1199,866 1268,866 1338,866 1407,865 1477,866 1546,868 1616,868 1616,820 1546,820 1477,818 1407,817 1338,818 1268,818 1199,818 1129,818 1060,820 990,819 921,818 851,818 782,818 712,818 643,818 573,818 504,818 434,818 365,819 295,819 226,818"/>
                <Baseline points="226,850 295,851 365,851 434,850 504,850 573,850 643,850 712,850 782,850 851,850 921,850 990,851 1060,852 1129,850 1199,850 1268,850 1338,850 1407,849 1477,850 1546,852 1616,852"/>
                <TextEquiv>
                    <Unicode>en plukken we allemaal bloemen en dan heb je voor niets bloemen in je
</Unicode>
                </TextEquiv>
            </TextLine>
            <TextLine id="tr_1_tl_8" custom="readingOrder {index:7;}">
                <Coords points="226,932 253,932 281,932 308,932 336,932 364,932 364,884 336,884 308,884 281,884 253,884 226,884"/>
                <Baseline points="226,916 253,916 281,916 308,916 336,916 364,916"/>
                <TextEquiv>
                    <Unicode>kamer".</Unicode>
                </TextEquiv>
            </TextLine>
            <TextEquiv>
                <Unicode></Unicode>
            </TextEquiv>
        </TextRegion>
        <TextRegion id="r_6" custom="readingOrder {index:1;} structure {type:paragraph;}">
            <Coords points="220,946 220,1996 1646,1996 1646,946"/>
            <TextLine id="tr_1_tl_9" custom="readingOrder {index:0;} date {offset:0; length:6;yyyy-mm-dd:1950-05-10;}">
                <Coords points="230,1001 268,997 306,999 344,999 382,999 420,997 458,997 496,997 534,997 572,997 610,999 648,999 686,999 724,999 762,999 800,999 838,1001 876,999 914,999 952,999 990,999 990,953 952,953 914,953 876,953 838,955 800,953 762,953 724,953 686,953 648,953 610,953 572,951 534,951 496,951 458,951 420,951 382,953 344,953 306,953 268,951 230,955"/>
                <Baseline points="230,986 268,982 306,984 344,984 382,984 420,982 458,982 496,982 534,982 572,982 610,984 648,984 686,984 724,984 762,984 800,984 838,986 876,984 914,984 952,984 990,984"/>
                <TextEquiv>
                    <Unicode>10 Mei gewicht ± 54pnd. lengte 1.37 M.</Unicode>
                </TextEquiv>
            </TextLine>
            <TextLine id="tr_1_tl_10" custom="readingOrder {index:1;} date {offset:0; length:8;yyyy-mm-dd:1950-06;}">
                <Coords points="222,1071 256,1067 290,1067 324,1064 358,1065 392,1063 426,1067 460,1066 494,1063 528,1063 563,1064 597,1067 631,1065 665,1065 699,1065 733,1066 767,1065 801,1063 835,1063 869,1063 904,1061 904,1016 869,1018 835,1018 801,1018 767,1020 733,1021 699,1020 665,1020 631,1020 597,1022 563,1019 528,1018 494,1018 460,1021 426,1022 392,1018 358,1020 324,1019 290,1022 256,1022 222,1026"/>
                <Baseline points="222,1056 256,1052 290,1052 324,1049 358,1050 392,1048 426,1052 460,1051 494,1048 528,1048 563,1049 597,1052 631,1050 665,1050 699,1050 733,1051 767,1050 801,1048 835,1048 869,1048 904,1046"/>
                <TextEquiv>
                    <Unicode>Juni '50 's avonds in bed gemaakt:</Unicode>
                </TextEquiv>
            </TextLine>
            <TextLine id="tr_1_tl_11" custom="readingOrder {index:2;}">
                <Coords points="224,1133 260,1131 296,1131 332,1132 369,1131 405,1131 441,1131 478,1131 514,1131 550,1131 587,1131 623,1131 659,1130 695,1129 732,1130 768,1129 804,1129 841,1129 877,1129 913,1129 950,1131 950,1085 913,1083 877,1083 841,1083 804,1083 768,1083 732,1084 695,1083 659,1084 623,1085 587,1085 550,1085 514,1085 478,1085 441,1085 405,1085 369,1085 332,1086 296,1085 260,1085 224,1087"/>
                <Baseline points="224,1118 260,1116 296,1116 332,1117 369,1116 405,1116 441,1116 478,1116 514,1116 550,1116 587,1116 623,1116 659,1115 695,1114 732,1115 768,1114 804,1114 841,1114 877,1114 913,1114 950,1116"/>
                <TextEquiv>
                    <Unicode>Stil is het buiten, heél, héél stil.</Unicode>
                </TextEquiv>
            </TextLine>
            <TextLine id="tr_1_tl_12" custom="readingOrder {index:3;}">
                <Coords points="228,1200 263,1200 298,1200 333,1200 368,1199 403,1200 438,1198 473,1200 508,1199 543,1198 579,1198 614,1198 649,1198 684,1198 719,1198 754,1198 789,1198 824,1198 859,1198 894,1198 930,1200 930,1152 894,1150 859,1150 824,1150 789,1150 754,1150 719,1150 684,1150 649,1150 614,1150 579,1150 543,1150 508,1151 473,1152 438,1150 403,1152 368,1151 333,1152 298,1152 263,1152 228,1152"/>
                <Baseline points="228,1184 263,1184 298,1184 333,1184 368,1183 403,1184 438,1182 473,1184 508,1183 543,1182 579,1182 614,1182 649,1182 684,1182 719,1182 754,1182 789,1182 824,1182 859,1182 894,1182 930,1184"/>
                <TextEquiv>
                    <Unicode>Je hoort geen enkele vogel fluiten.</Unicode>
                </TextEquiv>
            </TextLine>
            <TextLine id="tr_1_tl_13" custom="readingOrder {index:4;}">
                <Coords points="224,1265 252,1265 280,1265 308,1265 337,1265 365,1264 393,1263 422,1264 450,1265 478,1264 507,1263 535,1263 563,1263 591,1263 620,1263 648,1263 676,1263 705,1263 733,1263 761,1265 790,1267 790,1221 761,1219 733,1217 705,1217 676,1217 648,1217 620,1217 591,1217 563,1217 535,1217 507,1217 478,1218 450,1219 422,1218 393,1217 365,1218 337,1219 308,1219 280,1219 252,1219 224,1219"/>
                <Baseline points="224,1250 252,1250 280,1250 308,1250 337,1250 365,1249 393,1248 422,1249 450,1250 478,1249 507,1248 535,1248 563,1248 591,1248 620,1248 648,1248 676,1248 705,1248 733,1248 761,1250 790,1252"/>
                <TextEquiv>
                    <Unicode>Het is twee uur in de nacht.</Unicode>
                </TextEquiv>
            </TextLine>
            <TextLine id="tr_1_tl_14" custom="readingOrder {index:5;}">
                <Coords points="224,1333 259,1331 294,1331 330,1331 365,1331 401,1331 436,1331 471,1331 507,1329 542,1331 578,1329 613,1329 648,1329 684,1329 719,1329 755,1331 790,1331 825,1331 861,1330 896,1331 932,1331 932,1285 896,1285 861,1284 825,1285 790,1285 755,1285 719,1283 684,1283 648,1283 613,1283 578,1283 542,1285 507,1283 471,1285 436,1285 401,1285 365,1285 330,1285 294,1285 259,1285 224,1287"/>
                <Baseline points="224,1318 259,1316 294,1316 330,1316 365,1316 401,1316 436,1316 471,1316 507,1314 542,1316 578,1314 613,1314 648,1314 684,1314 719,1314 755,1316 790,1316 825,1316 861,1315 896,1316 932,1316"/>
                <TextEquiv>
                    <Unicode>Het is zomer, dus het maantje lacht
</Unicode>
                </TextEquiv>
            </TextLine>
            <TextLine id="tr_1_tl_15" custom="readingOrder {index:6;}">
                <Coords points="230,1401 260,1399 290,1399 320,1397 350,1399 380,1399 410,1399 440,1397 470,1397 500,1397 531,1397 561,1397 591,1397 621,1395 651,1395 681,1395 711,1397 741,1397 771,1397 801,1397 832,1397 832,1351 801,1351 771,1351 741,1351 711,1351 681,1349 651,1349 621,1349 591,1351 561,1351 531,1351 500,1351 470,1351 440,1351 410,1353 380,1353 350,1353 320,1351 290,1353 260,1353 230,1355"/>
                <Baseline points="230,1386 260,1384 290,1384 320,1382 350,1384 380,1384 410,1384 440,1382 470,1382 500,1382 531,1382 561,1382 591,1382 621,1380 651,1380 681,1380 711,1382 741,1382 771,1382 801,1382 832,1382"/>
                <TextEquiv>
                    <Unicode>nu zie je op het maanlicht pad
</Unicode>
                </TextEquiv>
            </TextLine>
            <TextLine id="tr_1_tl_16" custom="readingOrder {index:7;}">
                <Coords points="224,1465 264,1465 304,1465 345,1465 385,1465 426,1465 466,1465 506,1463 547,1465 587,1465 628,1463 668,1465 708,1463 749,1465 789,1463 830,1465 870,1466 910,1465 951,1465 991,1463 1032,1465 1032,1419 991,1417 951,1419 910,1419 870,1420 830,1419 789,1417 749,1419 708,1417 668,1419 628,1417 587,1419 547,1419 506,1417 466,1419 426,1419 385,1419 345,1419 304,1419 264,1419 224,1419"/>
                <Baseline points="224,1450 264,1450 304,1450 345,1450 385,1450 426,1450 466,1450 506,1448 547,1450 587,1450 628,1448 668,1450 708,1448 749,1450 789,1448 830,1450 870,1451 910,1450 951,1450 991,1448 1032,1450"/>
                <TextEquiv>
                    <Unicode>Een klein kaboutertje, hoe vindt je dat?</Unicode>
                </TextEquiv>
            </TextLine>
            <TextLine id="tr_1_tl_17" custom="readingOrder {index:8;}">
                <Coords points="230,1534 256,1532 282,1532 308,1532 334,1532 361,1532 387,1532 413,1532 439,1532 466,1532 492,1532 518,1532 544,1532 571,1532 597,1531 623,1530 649,1530 676,1530 676,1482 649,1482 623,1482 597,1483 571,1484 544,1484 518,1484 492,1484 466,1484 439,1484 413,1484 387,1484 361,1484 334,1484 308,1484 282,1484 256,1484 230,1486"/>
                <Baseline points="230,1518 256,1516 282,1516 308,1516 334,1516 361,1516 387,1516 413,1516 439,1516 466,1516 492,1516 518,1516 544,1516 571,1516 597,1515 623,1514 649,1514 676,1514"/>
                <TextEquiv>
                    <Unicode>Hij is op avontuur uit</Unicode>
                </TextEquiv>
            </TextLine>
            <TextLine id="tr_1_tl_18" custom="readingOrder {index:9;}">
                <Coords points="230,1601 255,1598 281,1598 307,1599 333,1599 359,1599 384,1599 410,1599 436,1597 462,1598 488,1599 514,1601 514,1555 488,1553 462,1552 436,1551 410,1553 384,1553 359,1553 333,1553 307,1553 281,1552 255,1552 230,1555"/>
                <Baseline points="230,1586 255,1583 281,1583 307,1584 333,1584 359,1584 384,1584 410,1584 436,1582 462,1583 488,1584 514,1586"/>
                <TextEquiv>
                    <Unicode>De leuke guit.
</Unicode>
                </TextEquiv>
            </TextLine>
            <TextLine id="tr_1_tl_19" custom="readingOrder {index:10;}">
                <Coords points="230,1665 257,1664 284,1664 312,1663 339,1663 367,1663 394,1663 421,1663 449,1663 476,1663 504,1663 531,1663 558,1663 586,1663 613,1663 641,1663 668,1663 695,1663 723,1661 750,1663 778,1663 778,1617 750,1617 723,1615 695,1617 668,1617 641,1617 613,1617 586,1617 558,1617 531,1617 504,1617 476,1617 449,1617 421,1617 394,1617 367,1617 339,1617 312,1617 284,1618 257,1618 230,1619"/>
                <Baseline points="230,1650 257,1649 284,1649 312,1648 339,1648 367,1648 394,1648 421,1648 449,1648 476,1648 504,1648 531,1648 558,1648 586,1648 613,1648 641,1648 668,1648 695,1648 723,1646 750,1648 778,1648"/>
                <TextEquiv>
                    <Unicode>En eindelijk staat hij stil
</Unicode>
                </TextEquiv>
            </TextLine>
            <TextLine id="tr_1_tl_20" custom="readingOrder {index:11;}">
                <Coords points="230,1731 255,1730 280,1729 306,1729 331,1729 357,1729 382,1729 408,1729 433,1729 459,1729 484,1729 510,1729 535,1729 561,1729 586,1728 612,1728 637,1728 663,1727 688,1727 714,1729 714,1683 688,1681 663,1681 637,1682 612,1682 586,1682 561,1683 535,1683 510,1683 484,1683 459,1683 433,1683 408,1683 382,1683 357,1683 331,1683 306,1683 280,1683 255,1684 230,1685"/>
                <Baseline points="230,1716 255,1715 280,1714 306,1714 331,1714 357,1714 382,1714 408,1714 433,1714 459,1714 484,1714 510,1714 535,1714 561,1714 586,1713 612,1713 637,1713 663,1712 688,1712 714,1714"/>
                <TextEquiv>
                    <Unicode>Ik weet wel, wat hij wil
</Unicode>
                </TextEquiv>
            </TextLine>
            <TextLine id="tr_1_tl_21" custom="readingOrder {index:12;}">
                <Coords points="228,1798 280,1796 332,1796 384,1796 437,1796 489,1796 541,1796 594,1795 646,1794 698,1796 751,1795 803,1796 855,1794 907,1794 960,1794 1012,1794 1064,1794 1117,1794 1169,1794 1221,1792 1274,1794 1274,1746 1221,1744 1169,1746 1117,1746 1064,1746 1012,1746 960,1746 907,1746 855,1746 803,1748 751,1747 698,1748 646,1746 594,1747 541,1748 489,1748 437,1748 384,1748 332,1748 280,1748 228,1750"/>
                <Baseline points="228,1782 280,1780 332,1780 384,1780 437,1780 489,1780 541,1780 594,1779 646,1778 698,1780 751,1779 803,1780 855,1778 907,1778 960,1778 1012,1778 1064,1778 1117,1778 1169,1778 1221,1776 1274,1778"/>
                <TextEquiv>
                    <Unicode>Vlug klimt het ventje, langs het klimop van een huis
</Unicode>
                </TextEquiv>
            </TextLine>
            <TextLine id="tr_1_tl_22" custom="readingOrder {index:13;}">
                <Coords points="230,1864 262,1862 294,1862 326,1862 358,1862 390,1862 422,1864 454,1862 486,1862 518,1862 551,1862 583,1862 615,1861 647,1860 679,1861 711,1861 743,1861 775,1862 807,1862 839,1862 872,1862 872,1814 839,1814 807,1814 775,1814 743,1813 711,1813 679,1813 647,1812 615,1813 583,1814 551,1814 518,1814 486,1814 454,1814 422,1816 390,1814 358,1814 326,1814 294,1814 262,1814 230,1816"/>
                <Baseline points="230,1848 262,1846 294,1846 326,1846 358,1846 390,1846 422,1848 454,1846 486,1846 518,1846 551,1846 583,1846 615,1845 647,1844 679,1845 711,1845 743,1845 775,1846 807,1846 839,1846 872,1846"/>
                <TextEquiv>
                    <Unicode>En met behulp van vriendje muis.
</Unicode>
                </TextEquiv>
            </TextLine>
            <TextLine id="tr_1_tl_23" custom="readingOrder {index:14;}">
                <Coords points="228,1930 275,1928 322,1928 370,1928 417,1929 465,1930 512,1930 559,1928 607,1928 654,1927 702,1926 749,1926 796,1926 844,1926 891,1926 939,1926 986,1925 1033,1924 1081,1924 1128,1924 1176,1924 1176,1876 1128,1876 1081,1876 1033,1876 986,1877 939,1878 891,1878 844,1878 796,1878 749,1878 702,1878 654,1879 607,1880 559,1880 512,1882 465,1882 417,1881 370,1880 322,1880 275,1880 228,1882"/>
                <Baseline points="228,1914 275,1912 322,1912 370,1912 417,1913 465,1914 512,1914 559,1912 607,1912 654,1911 702,1910 749,1910 796,1910 844,1910 891,1910 939,1910 986,1909 1033,1908 1081,1908 1128,1908 1176,1908"/>
                <TextEquiv>
                    <Unicode>Gaat hij de kamer door met zwabber en zijn hand
</Unicode>
                </TextEquiv>
            </TextLine>
            <TextLine id="tr_1_tl_24" custom="readingOrder {index:15;}">
                <Coords points="228,1996 278,1996 328,1996 378,1996 428,1996 479,1996 529,1995 579,1994 629,1994 679,1994 730,1994 780,1994 830,1992 880,1992 930,1992 981,1992 1031,1992 1081,1994 1131,1992 1181,1993 1232,1994 1232,1946 1181,1945 1131,1944 1081,1946 1031,1944 981,1944 930,1944 880,1944 830,1944 780,1946 730,1946 679,1946 629,1946 579,1946 529,1947 479,1948 428,1948 378,1948 328,1948 278,1948 228,1948"/>
                <Baseline points="228,1980 278,1980 328,1980 378,1980 428,1980 479,1980 529,1979 579,1978 629,1978 679,1978 730,1978 780,1978 830,1976 880,1976 930,1976 981,1976 1031,1976 1081,1978 1131,1976 1181,1977 1232,1978"/>
                <TextEquiv>
                    <Unicode>Zó stoft hij netjes vloer - meubels, lamp en wand.
</Unicode>
                </TextEquiv>
            </TextLine>
            <TextEquiv>
                <Unicode></Unicode>
            </TextEquiv>
        </TextRegion>
    </Page>
</PcGts>
