1719 2387
205 460 1243 520 Vervolgens poetst het ventje, het ventje keurig net.
205 524 1509 584 De bemodderde schoenen en kijkt nog even naar Pietje in zijn bed.
207 593 1189 648 En als dan de zon rijst, de zon rijst uit de zee.
203 660 1189 716 Dan gaat het kaboutertje henen, henen op een ree.
203 725 1197 784 En als de vogels zingen staat Tootje op, O jeetje
203 790 1237 848 Daar staat al mijn werk nog hoe krijg ik dat gedaan
211 855 1157 917 O nee, o nee mijn Tootje, 't kaboutertje op het
207 931 737 985 reetje was je voor gegaan,
203 993 891 1051 Dus jij nu lekker uit slapen gaan.
215 1121 1557 1183 Na 3 dagen bij Marleen gelogeerd te hebben, vraag je mij: "Mam, kan
213 1181 1277 1250 ik ook blijvend contact met Marleentje onder houden?"
211 1249 1617 1317 De poppen liggen op de grond te slapen, erbij een papier waarop staat:
211 1311 1505 1385 Men verzoeke niet binnen te komen, daar de familie slapende is!"
213 1380 1599 1452 Juli '51 - na het lezen van "het Fluitketeltje door Annie Schmidt ge-
211 1468 341 1516 maakt.
315 1526 749 1580 In Pimpompo, Pimpompo
217 1594 801 1646 Daar woont de kleine Pinokkio
215 1662 661 1712 Daar huizen 14 reuzen.
223 1729 661 1780 Met hele dikke neuzen.
219 1791 797 1844 Daar spelen 100 kaboutertjes;
221 1857 821 1912 Dat zijn me zulke stoutertjes.
219 1921 847 1978 Daar groeien ijsjes in het rond
