1718 2391
425 460 929 512 't Zijn witte en ook bont.
409 526 1011 580 Daar heeft ieder een koekepan.
401 594 971 646 Die goedenmorgen zeggen kan.
401 658 1045 712 Want Pimpompo is een wonderland.
401 724 1215 778 Daar woont Klaas Vaak met z'n zakje zand
409 791 831 845 in Pimpampo, Pimpampo
401 857 691 911 Gaat alles zo.
219 923 1631 983 De school wordt verbouwd en Mieke, heeft nu les in de Dr Woltjerschool
225 991 1609 1049 van 1 - 5 uur. Iederen morgen zwemt ze in de A.M.V.J. Ze is al aan de
223 1057 1607 1113 lijn. 's Avonds nà het eten fietsen we meestal even om, maar dat gaat
217 1124 1225 1176 nog erg bibberig en 't opstappen alleen gaat niet.
221 1190 1571 1246 Na een week-end in Enschede met de laatste trein terug komende, die
225 1256 1611 1315 10 voor 12 in Amsterdam arriveerde, had Miek ondanks 't late uur veel
221 1324 1569 1377 praatjes. "Mam, wat staat die ster hoog, hoeveel lichtjaren zou dat
221 1392 1043 1444 zijn, Hoeveel k.m. is een mijl? enz. enz.
323 1455 1551 1513 Terwijl ze in de taxi naar huis nog steeds kwebbelde over het
225 1521 1601 1579 licht, dat vlugger gaat dan het geluid, draaide ze zich bij huis voor
219 1592 1587 1642 de deur ineens naar mij toe, terwijl ik met de chauffeur af rekende.
221 1650 1623 1706 "Nu weet ik het weer Mam, dat ik is de theorie van Einstein". De taxi-
217 1718 1667 1775 chauffeur lachte en zei: Nou Mevrouw, die is ook nog "bij" zo laat op de
219 1786 353 1837 avond".
219 1853 1605 1907 Aug.'51  Mieke in Zandvoort. De eerste week goed weer, maar nu steeds
217 1919 1603 1975 regen en wind. 't Lijkt wel herfst. Mieke fietst in de straat heen en
