1707 2385
216 447 1666 505 weer. Het stappen gaat wel, maar met erg veel moeite, want de trapper
216 515 1124 571 moet eerst in de goede stand gebracht worden.
320 579 1362 635 Mieke is voorwaardelijk over gegaan naar de 6e klas.
222 643 1644 705 Bij Tante Miep pak je als eerste het tijdschrift "Moeder" en leest daar
222 709 1634 769 alles in. "Als ik later groot ben, neem ik ook "Moeder", want er staat
216 777 1142 838 heel goed in, hoe je kinderen op moet voeden."
