1709 2387
517 253 1249 287 AFSCHRIFT VOOR DE INDISCHE COLLECTIE
715 319 1025 353 Bijlage bij het
497 385 1263 419 DAGBOEK VAN MEVROUW T.C. AVIS-HULSTIJN
1181 721 1601 755 Vrijdag 13 Maart 1942
413 851 679 885 Liefste Toosje
417 917 1615 959 Wat reuze lief van je, dat je Japansche schildwachten en nog
313 951 1599 987 hoeveel andere moeilijkheden hebt getrotseerd om me op te zoeken
311 984 1651 1021 in ons "Kamp" en om ons een aantal hoogst nuttige zaken te brengen.
317 1019 1595 1055 Ik weet niet waar ik je het dankbaarst voor ben; ik geloof haast
315 1053 1657 1091 voor het keurige stevige matje met de herlijke warme deken, waarmee
313 1087 1191 1123 ik de afgeloopen nacht fijn doorgekomen ben.
413 1121 1617 1159 Laat ik je eerst even in het kort van onze wederwaardigheden
317 1153 1611 1191 vertellen; Maandagmiddag hadden zich al een 400 landstormers ver-
313 1187 1517 1227 zameld in het jou welbekende gebouw aan de Coenboulevard. De
313 1221 1615 1261 Japansche schildwachten begrepen geloof ik heelemaal niet, wat ze
315 1255 1575 1295 eigenlijk met ons moesten beginnen, want het bleek de bedoeling
311 1287 1555 1325 te zijn, dat alle militairen enz. zich eerst Dinsdag om 12 uur
311 1321 1615 1361 bij het gemeentehuis moesten melden. Dit is dus weer eens een van
313 1353 1535 1395 de bekende staaltjes van organisatie van de (ex)-legerleiding
315 1388 1663 1425 geweest, tengevolge waarvan wij volkomen noodeloos een extra dag on-
313 1421 1517 1459 ze vrijheid kwijt zijn geweest en dat nog wel een dag van al
313 1453 1615 1493 zeer weinig comfort. We hebben dien ersten dag n.l. met z'n allen
311 1487 1597 1527 doorgebracht in de gymnastiekzaal, dus je begrijpt; als haringen
315 1521 1647 1563 in een tonnetje! En den heelen dag niets te eten, zodat de meesten,
309 1553 1561 1591 die nog vrijwel niets gegeten hadden, natuurlijk rammelden van
311 1587 1553 1627 de honger. Gelukkig was er voldoende drinkwater, zoodat we daar
307 1621 1597 1659 onze buik maar mee gevuld hebben. Ik moet eerlijk zeggen, dat we
307 1655 1617 1695 overigens correct behandeld zijn en de J. schildwachten zelfs
313 1687 1573 1727 een paar pannetjes van hun eigen eten aan ons hebben afgestaan.
307 1721 1577 1759 Dit was natuurlijk als een druppel op een gloeiende plaat, doch
311 1755 1591 1793 het gebaar deed toch sympathiek aan. Ik heb nog een handje rijst
307 1787 1627 1827 weten te bemachtigen met een stukje vleesch, dat in een geheimzin-
307 1823 1593 1859 nige saus dreef. Lekker was het nu niet bepaald, maar ik heb aan
307 1855 1633 1895 den lijfe de juistheid van het spreekwoord ondervonden, dat honger
307 1889 1571 1927 rauwe boonen zoet maakt. Den volgenden morgen vroeg zijn we met
311 1923 1513 1959 de heele troep, natuurlijk onder militaire bewaking naar het
307 1955 1533 1995 gemeentehuis getippeld. Ik verzeker je, dat het mij vreemd te
305 1989 1623 2033 moede was om toen als gevangene de zoo bekende straten als Dinojo,
303 2023 1659 2063 Kepoetran en Kajoon over te gaan, aangegaapt door troepen inlanders,
307 2057 1505 2097 die zich, naar men denkt, in onze vernedering verkneukelden.
305 2089 1589 2129 Natuurlijk waren wij te vroeg aan het gemeentehuis, zoodat we de
