1704 2398
312 354 1558 400 heele morgen in het gras (gedoedoekt) hebben. Gelukkig kwam de
308 390 1572 432 burgerij die op een of andere wijze de lucht van onze hongerige
306 422 1496 468 magen had gekregen, al heel gauw met allerhande goede zaken
308 456 1530 500 aandragen, zooals gesmeerde broodjes, koekjes, ijswater, thee
312 490 1494 534 en sigaren. Ik was werkelijk als een kind zoo blij met mijn
312 524 1530 567 eerste beschuit. De diverse echtgenooten kwamen al spoedig op
314 556 1456 600 bezoek en namen ook allerlei proviand mee, zoodat we onze
316 592 1576 638 krijgsgevangenschap al spoedig heel optimistisch begonnen in te
312 624 1536 670 zien. Helaas was de pret om ongeveer half twee uit, waarna de
308 660 1532 702 hele horde, die zich inmiddels aanzienlijk had uitgebreid, naar
308 694 1536 740 het jaarmarktterrein moest marcheeren. Van eenige accomodatie
312 728 1576 772 was daar geen sprake, zoodat ik de eerste nacht vroolijk op het
318 764 1556 810 gras heb geslapen. Het was werkelijk een vrij triestig gezicht
312 798 1580 842 om al die gevallen grootheden in eindelooze rijen op de steenen
316 830 1620 876 vloer van het gebouw te zien liggen, waar vroeger zooveel feesten
312 878 572 912 zijn gevierd.
416 900 1558 946 Wij krijgen hier voldoende te eten; 's morgens een belegd
316 934 1602 978 broodje soms met een halve kroes zwarte koffie. 's Middags rijst
312 970 1476 1014 met jus,en een gezouten ei of een stukje vleesch of spek.
328 1002 1546 1044 's Avonds weer een stuk brood. De sanitaire installaties zijn
318 1034 1556 1080 op zoveel menschen natuurlijk niet berekend, zoodat de hygiene
312 1070 1540 1112 nogal te wenschen overlaat. Je weet dan ook niet, hoe blij ik
316 1100 1598 1146 was met je eerste pakje! Wat was zoo'n schoone zakdoek een luxe!
316 1134 1620 1178 Ik heb Dick Zaalberg, die nogal wat heeft meegemaakt - hij is nog
316 1168 1576 1210 in het vuur48geweest -, doch die in blaakende welstand verkeerd,
320 1200 1558 1244 een schoone zakdoek gegeven en nog aan twee van zijn vrienden.
318 1234 1582 1280 Men kan hier nu eenmaal niet voor zichzelf iets extra's houden,
324 1266 1504 1314 wanneer een ander heelemaal niets heeft! Zoo heb ik het pak
316 1300 1586 1348 sigaretten, alsook het heerlijk gebak (hulde Toosje!!) verdeeld
320 1334 1524 1380 tusschen het groepje van Gijs, waarbij ik mij tot dusver heb
322 1366 1460 1414 aangesloten, daar van mijn troep nog niemand terug is! De
324 1402 1526 1448 vriendjes van Gijs zijn wel gezellige kerels. Ze hebben nota
322 1436 1514 1482 bene kans gezien om een bed van springveeren te bemachtigen,
320 1466 1588 1514 waar ze vorstelijk met twee personen in slapen. Ik lig er naast
320 1500 1510 1548 op de grond (zand). We liggen gelukkig niet in de snikheete
320 1534 1658 1584 groote zaal, maar in een van de open, doch overdekte bijgebouwtjes.
320 1570 1546 1616 Ze hebben zelfs al kans gezien om privékoffie te zetten, zij
320 1612 1002 1648 het dan ook zonder suiker of melk.
420 1636 1508 1682 Paul is net gisteren binnengekomen uit Trawas, waar ze
324 1670 1548 1716 eenige spannende dagen hebben doorgebracht. Over het algemeen
324 1704 1464 1750 is de Landstorm vrijwel ongehavend uit de oorlog gekomen.
324 1734 1566 1784 Ik heb hier al tallooze bekendenontmoet: We Boogaart, IJsbrand
320 1770 1578 1816 Jansen, De Stadswacht is niet geinterneerd, doch moet als hulp-
324 1816 666 1850 politie optreden.
426 1836 1604 1884 Wat een lumineus idee van je om het schaakbordje te sturen.
328 1870 1646 1916 Gisterenmiddag heb ik heerlijk in het gras schakende doorgebracht!
326 1906 1466 1950 Je zorcht toch maar fijn voor me!........................
426 1937 1504 1986 Ik hoop  maar dat je geen moeilijkheden zult hebben op
324 1972 1304 2018 straat of zoo. Blijf na donker maar rustig thuis.
424 2004 1530 2050 De menschen vervelen zich hier natuurlijk dood en ieder
324 2036 1548 2083 hoopt dat het maar weer gauw afgelopen zal zijn. Gelukkig dat
332 2072 1548 2118 er regelmatig pakjes binnen stroomen, zoodat zoo langzamerhand
