1713 2388
366 360 1606 396 ieder wat beter in de bullen komt te zitten. De behandeling is
342 394 1672 430 overigens correct en we hebben ons van J.zijde totdusver werkelijk
340 428 1654 464 nergens over te beklagen. Gijs laat je groeten. Hij is altijd
344 460 1686 498 onverstoorbaar goed geluimd. Een vent uit één stuk onze Gijs, hoor!
440 494 1620 530 Het is een troost voor me, dat ik zoo'n flink vrouwtje heb!
340 528 1610 566 Heb nog wat geduld, deze toestand, zal wel niet permanent zijn.
344 562 1548 598 Wij gaan dan weer fijn in ons huisje wonen en met zuinigheid
340 596 1644 632 en vlijt zullen wij er ons wel doorslaan. Nogmaals mijn bijzonde-
340 630 1586 666 ren dank voor al je goede gaven! Veel liefs ........ JE GUUS .
1084 832 1548 866 Woensdag, 18 Maart 1942
444 930 598 964 Liefste,
438 996 1628 1034 Fijn om je gisteren weer even te zien en alle hulde voor je
338 1030 1648 1068 moeite om ons Miekje mee te nemen. Ik had gisteren den heelen dag
344 1064 1628 1100 nog dat merkwaardige tafreeltje voor oogen: Mieke geconfronteerd
336 1096 1608 1132 met haar vader achter de tralies! Wat leuk, dat ze mij dadelijk
338 1130 1646 1168 herkende. Ze zag er prima uit! Wat zonde dat je Maandag heelemaal
340 1164 1582 1204 voor niets gekomen bent: ik was n.l. onverwacht ingedeeld  bij
340 1198 1570 1236 de ploeg, die op Perak koeiliewerk moest doen. 300 man worden
336 1232 1642 1272 n.l. dagelijks in vrachtauto's geladen, natuurlijk onder bewaking
348 1266 1604 1302 van de J.'s met getrokken bajonet. Het werk bleek gelukkig niet
342 1300 1524 1338 zoo erg zwaar; auto's opladen met steenen, gedeeltelijk met
336 1338 1590 1374 schoppen, gedeeltelijk met werden zware steenen van ong. 15 KG
340 1372 1564 1406 in een ketting doorgegeven (met die steenen worden bomkraters
336 1404 1444 1440 in het vliegveld dichtgemaakt) . Het tempo was kalm, met
340 1438 1648 1474 voldoende rustpoozen er in, maar het is wel een behoorlijk langen
344 1470 1528 1507 dag van 8-4 in de brandende zon. Er is daar nl. nergens een
340 1504 1604 1542 sprankje schaduw te bekennen. Tusschen de middag wordt er brood
338 1538 1542 1574 met koffie verstrekt. Gelukkig hebben we dit xxxxx karweitje
336 1572 920 1606 maar ong. eens in de 5 dagen.
436 1605 1542 1640 Hartelijk dank voor je pakje met kl49eren en andere goede
344 1638 1624 1676 zaken; alles was even welkomxx. Vooral het pakje met vijgen viel
336 1672 1564 1706 bij ons troepje van zes man in goede aarde en ik was blij dat
338 1706 1658 1746 ik ook weer eens iets kon aanbrengen. Je moet je maar voorstellen,
336 1738 1636 1780 dat alle eetwaar, die je mij toestopt, door zessen wordt gedeeld,
336 1772 1526 1808 dus je begrijpt, dat de heerlijke grapefruit ook die weg is
338 1806 1584 1844 opgegaan. De vriendjes van Gijs hebben zich hier al behoorlijk
336 1840 1580 1876 ingericht en we houden er praktisch een complete keuken op na.
338 1874 1500 1910 Een leeg benzineblik is tot fornuis geprofmofeerd. Een paar
336 1908 1620 1944 stukken hout zijn hier altijd wel te krijgen vinden en in minder
338 1940 1598 1976 dan geen tijd kookt het water  voor de koffie of thee, die heel
336 1974 1540 2014 wat smakelijker is dan de brouwsels, die we van de bedeeling
336 2006 1656 2044 - want daar eten we nu officieel van!! (sic transit gloria mundi!)
334 2038 1540 2076 - krijgen. Gisteren hebben de heeren het bestaan om een heel
