1707 2385
316 336 1544 376 eetbare portie bruine boonen met gebakken spek te fabriceeren
318 370 1482 412 (niet uit blik hoor!) . Gijs die haast geen rijst eet heeft
312 404 1566 444 naarstig gesmuld! Zelfs de mosterd en de zure bommen ontbraken
312 438 1640 476 niet. Eergisteren had Rietberg manager van Hellendoorn, een portie
312 472 1562 512 nassigoreng voor vijf man laten komen op een groote schaal. We
314 506 1574 546 hebben deze makanan volgens de regelen der kunst in onze geram-
312 538 1644 580 paste wadjan opgewarmd, en ook dien dag had je dus geen medelijden
312 578 832 612 met ons behoeven te he50ben.
412 606 1544 648 Overigens leeren we ons hier wel behelpen; ik drink mijn
318 642 1518 680 thee of koffie b.v. uit een leeg sigarettenblikje. Het meest
316 674 1582 718 primitieve is wel de ligging. Onder ons afdakje ligt een man of
318 710 1540 748 veertig en er is practisch geen vierkante meter onbezet. Gijs
316 746 1440 784 slaapt met een van zijn vriendjes op een stuk triplex en,
322 778 1520 816 volgens zijn zeggen, moet hij daar heel goed op slapen. Iets
316 810 1526 850 achter mij ligt mijn confrère Kroese. Hij slaapt op een stuk
316 844 1562 882 blik, dat wel erg duurzaam is, maar het bezwaar heeft, dat het
316 878 1662 918 nogal kraakt, wanneer hij zich omdraait. Ik prefereer moeder aarde,
316 914 934 952 als is deze wat hard en vochtig.
420 944 1586 984 De dagen gaan hier betrekkelijk vlug om. Om zes uur treden
316 978 1644 1018 we compagnie's gewijze aan en aldus halen we ook ons eten. Verdere
318 1012 1638 1052 discipline is er niet, zoodat iedereen vrij is in de wijze, waarop
312 1044 1644 1086 hij zijn dag wil doorbrengen. Ik speel ettelijke spelletjes schaak
316 1082 1140 1120 en het bordje bewijst dus reuze diensten.
422 1112 1506 1152 Vanochtend werd bekend gemaakt, dat de verhuizing naar
312 1146 1598 1186 Darmo niet doorgaat, zoodat je vandaag een vergeefsche tocht ge-
316 1180 1482 1220 maakt zult hebben. Jullie vrouwen houdt je wel kranig, dat
316 1214 1540 1256 jullie dagelijks de brandende zon trotseert om even een glimp
322 1246 1584 1288 van manlief op te vangen! Wij weten maar al te goed, wat het is
324 1280 1544 1322 om geruimen tijd in de brandende zon te staan wachten. Zooals
316 1314 1568 1358 gezegd, behoef51je je over ons niet ongerust te maken. Er worden
316 1348 1546 1388 hier al verschillende verbeteringen aangebracht, meer douches
320 1382 1588 1424 en een soort zaaltje, waar de menschen 's avonds kunnen bridgen
316 1418 1602 1458 Groente krijgen we practisch niet, wel sambal en pisang ........
412 1448 1546 1492 Al is het leven hier wel uit te houden, toch behoeft het
316 1482 1602 1523 nauwelijks betoog, dat ik hard naar vrouw en kind terug verlang.
326 1516 1546 1558 Wij troosten ons allen met de gedachte, dat dit leventje hier
326 1548 1626 1594 spoedig achter de rug zal zijn. Weten doet evenwel nietmand iets!
420 1582 1548 1624 Je zult je handen wel vol hebben met Mieke, nu de kokkie
322 1614 1610 1656 niet binnenkomt en daarbij nog die vermoeiende bezoeken! Als het
320 1650 1604 1694 je te zwaar wordt kom dan maar niet meer elken dag .............
1266 1716 1348 1748 GUUS
1016 1882 1484 1916 Maandag, 23 Maart 1942.
420 1956 686 1998 Lieve Toosje,
422 2016 1646 2054 Heel veel dank voor je laatste pakje en het daarin verscholen
320 2050 1592 2090 briefje. Inderdaad is het een heele "draw back" dat we vrouw en
322 2084 1584 2124 kroost nu zelfs niet meer door de tralies heen even mogen zien.
