1714 2391
71 539 181 697 /niet
359 351 1645 395 Het schijnt, dat een Japansche generaal, die toevallig langs het
359 385 1545 425 Jaarmarktterrein reed, aanstoot heeft genomen aan de schare
363 419 1503 461 trouwe echtgenooten, die zich voor de loketten stonden te
363 453 583 487 verdringen.
461 489 1583 529 Gelukkig maar dat je zoo vaak geweest bent en dat ik ook
357 521 1603 567 Mieke nog een paar keer gezien hebt, zoodat ik hier voorloopig
357 555 1563 601 maar op moet teeren! Er is officieel niets van bekend of wij
365 589 1631 631 vrijgelaten zullen worden. Ik heb zoo'n idee, dat het de heeren
361 621 1565 661 J's al te best gaat want de bewaking hier is verscherpt. De
359 655 1567 695 Marine is verhuisd naar een kampement ergens op Darmo zoodat
357 689 1585 729 het hier aanmerkelijk leeger is geworden. Misschien houden ze
363 723 1617 769 ons ook wel aan, om de handen in de stad vrij te hebben. Enfin,
363 755 1545 797 we hebben maar af te wachten. Ik voel mee hier niet bepaald
361 789 1585 831 ongelukkig, zulks in tegenstelling tot vele anderen, voor wie
357 823 1617 869 het leven hier een ware beproeving is. Alleen de koelie arbeid,
363 857 1641 899 die we gelukkig maar eens in de zooveel dagen moeten doen, staat
353 889 1559 931 me maar heel matig aan. Eergisteren hebben we b.v. verbrande
359 925 1597 969 benzine drums moeten laden in vrachtauto's op het BPM terrein.
353 959 1603 1001 Hoe ik er na afloop uitzag, kun je eenigszins afleiden uit het
353 993 1615 1033 in dit pakje ingesloten, eertijds witte hemd, dat ik had aange-
359 1027 1637 1071 daan om mijn armen tegen de zon te beschermen. Als het tenminste
355 1060 1413 1101 niet meer schoon te krijgen is gooi het dan maar weg.
473 1091 1557 1137 -------------volgt een lijst met wenschen waaronder veel
353 1127 553 1159 snoepgoed.
453 1161 1583 1201 Ik heb constante behoefte aan zoetigheid, waarschijnlijk
353 1193 1599 1237 omdat we hier practisch geen suiker krijgen. Op kwantiteit zal
349 1227 1055 1265 meer gelet worden dan op kwaliteit!
455 1261 1257 1299 Sterkte in je eenzaamheid en alles liefs
1049 1333 1213 1369 Je Guus.
1009 1500 1479 1533 Zaterdag, 28 Maart 1942
451 1561 755 1601 Liefste Toosje,
455 1627 1477 1667 Sorry, dat ik nu al zoo lang niets van me heb laten
355 1659 1617 1701 hooren! Je zult evenwel wel gehoord hebben, dat het uitwisselen
353 1693 1619 1737 van pakjes en post gisteren en eergisteren gestopt is bij wijze
355 1727 1639 1768 van represaille voor het weglopen van twee Indische jongens, die
353 1759 1553 1803 tijdens het verrichten van werkzaamheden op Sawahan hun kans
349 1793 1573 1835 schoon hadden gezien. Veel plezier van deze ondoordachte daad
353 1825 1593 1871 hebben ze echter niet beleefd. Gelukkig zijn ze zoo verstandig
351 1861 1569 1901 geweest om maar met hangende pootjes terug te komen, waardoor
351 1895 1559 1935 ze een vrij zekere terechtstelling hebben voorkomen. Ze zijn
353 1927 1575 1969 tenminste nu gestraft met 14 dagen zwaar, na eerst een flinke
351 1961 1551 2003 aframmeling te hebben gekregen. Vervolgens hebben ze met  de
345 1995 1553 2035 handen op de rug geboeid, met ontbloot bovenlijf eenige uren
349 2029 1609 2067 op hun knieen moeten liggen. Je zult wel kunnen voorstellen wat
353 2061 1587 2103 een ellendig gezicht dat was! Een van de xxx knapen schijnt na
349 2095 1069 2131 eenigen tijd flauw gevallen te zijn!
