1705 2390
440 384 1584 420 We moeten tegenwoordig om de andere dag koelie werk doen.
336 418 1548 456 Na het appel van 7.30 eten we even een broodje en worden dan
340 452 1548 490 als vee op vrachtauto's geladen. Meestal wordt het half xxxx
340 486 1550 524 zes voor we weer terug zijn. Een eindelooze dag dus onder de
342 520 1526 560 gloeiende tropen zon. Woensdag hebben we b.v. zand geschept
340 552 1594 589 en ongeveer anderhalf uur in de regen gestaan. Gisteren hebben
340 586 1568 624 we cement uit een vrachtschip gelost. Een dergelijke carriere
340 624 1018 658 had ik mij vroeger nooit gedroomd!
340 689 1260 724 Enfin ook hieraan zal wel eens een einde komen!
440 788 1548 824 Je bericht over Matthes heeft mij zeer verontrust, doch
340 820 1530 858 ik klamp mij voorloopig maar vast aan de hoop, dat het niet
340 855 1628 892 waar is. De moeilijkheden zouden anders voor ons nog aanzienlijk
344 888 1588 928 grooter worden. Menschen van het kaliber als Matthes hebben we
342 922 1584 960 nu broodnoodig! Overigens zou het me niet verwonderen, wanneer
340 956 1548 994 zijn fier karakter een nederlaag niet heeft willen overleven
340 990 1490 1027 In ieder geval zou ik de toekomst zonder Matthes heel wat
342 1026 1222 1064 somberder inzien, dan nu reeds het geval is.
440 1058 1526 1094 Je hebt gewoon geen idee, wat er in Soerabaya allemaal
346 1090 1604 1130 vernield is. Door mijn gedwongen bezoek aan de haven heb ik met
340 1126 1522 1164 eigen oogen kunnen zien, dat de eindelooze reeksen loodsen,
340 1159 1590 1196 dokken enz. in een troostelooze ruine zijn herschapen. Volgens
342 1192 1524 1232 zgn. deskundigen, duurt het minstens 6 jaren, voordat alles
344 1226 1508 1266 weer een beetje in orde kan zijn. Ik behoef je wel niet te
340 1260 1588 1300 zeggen, wat een verarming dit voor Soerabaya beteekent, al zal
340 1294 1548 1332 de wederopbouw t.z.t. wel wat opleving geven. Je hoort nu al
342 1328 1524 1366 over drastische salarisverminderingen bij het goevernement.
444 1360 1570 1402 Er is hier nu een kamp commissie opgericht, die voor wat
344 1390 1606 1434 afleiding zorgt. Woensdagavond hebben we b.v. een zeer interes-
348 1430 1348 1468 sante lezing van zekere de Witte over Zuid-Afrika.
344 1458 1544 1500 Vanavond houdt du Mosch een "wie of wat is dat" avond, opge-
344 1492 1528 1534 luisterd door muziek van goede krachten waaronder de pianist
350 1528 1526 1568 van Tabarin (Carels). De heer Vincent, die dit kamp ook met
346 1562 1532 1602 zijn tegenwoordigheid opluistert, stelt zich zelfs voor een
344 1596 1526 1634 zangavond te organiseeren. Dit kan evenwel alleen doorgaan,
344 1628 1628 1667 wanneer hij in de gelegenheid wordt gesteld het kamp te verlaten
348 1660 1614 1702 om even wat muziek te halen. Hij verzocht mij jou op zijn komst
348 1694 1604 1734 voor te bereiden, want zonder jou kan hij natuurlijk niet in de
346 1736 748 1768 bibliotheek terecht.
438 1762 1534 1802 De enkele kampbewoners die om welke reden ook, even de
348 1796 1508 1836 stad in zijn geweest, verklaren unaniem, dat de sfeer daar
340 1830 1568 1868 hoogst "unheimisch" en zij voelen zich, miabile dictu, zelfs
346 1864 1540 1902 opgelucht, wanneer ze weer in ons vreedzaam kamp terug zijn,
344 1896 1644 1936 waar we practisch niet lastig worden gevallen. Ik hoop van harte,
344 1930 1492 1970 dat onaangename bejegingen van J'zijde je bespaard zullen
344 1972 504 2004 blijven.
450 1998 1552 2036 Van Outs hoorde ik in geuren en kleuren het verhaal van
344 2032 1554 2070 Mevr. H.   Heb je nog gehoord wat er van haar geworden is. We
350 2064 1572 2104 zien zoo langzamerhand wel in dat onze "gasten" niet met zich
