1711 2387
363 351 1569 391 laten spelen en er zit niet veel anders op dan om de diverse
363 383 1587 427 beproevingen zoo waardig mogelijk te doorstaan, in afwachting
363 417 725 451 van betere tijden.
455 451 1633 491 Het is nu al weer ruim drie weken geleden, dat ik braaf in
361 485 1609 525 het kooitje liep. Tenslotte ontspringt niemand de dans, al had
361 521 1553 559 ik ",53achteraf, wel een paar dagen langer m'n vrijheid
361 555 1611 591 kunnen genieten. Wat zal ik blij zijn, wanneer ik weer goed en wel in
359 587 1543 623 Rochussenstraat 5 zit. Heb jij al iets over de Ford gehoord?
451 623 1567 657 Er schijnt aan een regeling voor gezinssteun gewerkt te
361 655 1503 695 worden. Laat je dus je hoofdje niet hangen, al kan ik mij
363 689 1385 727 voorstellen, dat je je nu niet erg prettig gevoelt.
443 723 1649 759 Sterkte in deze moeilijke dagen! In gedachten ben ik steeds
363 757 1565 793 bij je (heb ik wat aan, zul je zeggen) en dito omhels ik je!
1145 825 1233 861 GUUS
1021 991 1481 1025 Dinsdag, 31 Maart 1942.
455 1087 619 1121 Liefste,
459 1153 1565 1193 Reuze dapper van je om, ondanks je slechte lichamelijke
361 1187 1601 1223 conditie, gisteren de via dolorosa naar het Jaarmarktterrein te
361 1219 1609 1257 begaan om daar een glimp van je echtgenoot op te vangen. Welnu
359 1253 1563 1291 succes heb je gehad, wat we stonden juist bij de poort op de
355 1285 1661 1325 auto te wachten, die ons naar een of ander karweitje zou brengen.
359 1319 1625 1357 Voorzoover de verre afstand, welke ons scheidde, te beoordeelen
359 1353 1579 1389 toeliet, zag je nog wel wat bleekjes. Blijf maar fijn wat na-
355 1387 1625 1425 zieken en sloof je, zoolang je je nog niet 100% gevoelt, vooral
355 1419 1573 1459 niet teveel voor me uit, want ik heb het hier niet zoo kwaad,
355 1453 1639 1489 als je misschien wel zoudt denken. Het uitwerken gaan is natuur-
361 1485 1543 1523 lijk wel vervelend, maar ook dat went en onze bewakers zijn
357 1521 1621 1557 meestal heel geschikt. Hun interesse gaat in den regel meer uit
357 1553 1575 1591 naar onze polshorloges, schoenen, veldflesschen enz. dan naar
361 1587 1583 1623 een hoog arbeidstempo, dat dan ook zoo laag mogelijk gehouden
355 1619 475 1653 wordt.
455 1655 1635 1689 Verder is de slaperij een zwak punt, doch het is verwonder-
361 1687 1641 1725 lijk, met hoe weinig een mensch eigenlijk kan volstaan; het gaat
363 1719 1505 1759 tenslotte ook zonder klamboe, kussens, bultzak, lakens en
357 1755 1643 1793 pyama's en ik voel me al het heertje, dat ik sedert eenige dagen
359 1787 1581 1825 op een aantal stoelen kan slapen, die vrijgekomen zijn, omdat
361 1823 1551 1863 eenige van ons een veldbed hebben gekregen (waaronder Gijs).
431 1857 1619 1895 Ook heel veel dank voor het koffertje met de diverse goede
357 1891 1593 1931 zaken! De hopjes zijn erg lekker en hoe ik over djeroeks denk,
351 1923 1539 1959 weet je zoo langzamerhand wel. Daar hier alles zoo'n beetje
359 1957 1537 1995 communistisch toegaat en mijn naaste kampeergenooten in den
355 1991 1581 2027 regel zeer goed bedeeld worden, kun je je voorstellen, dat we
355 2023 1533 2063 wat het eten betreft, een vrij gevarieerd progamma hebben;
355 2059 1653 2095 gisteren b.v. twee soorten nassigoreng, daarna koffie, vervolgens
