1707 2385
348 338 1610 376 eenige koppen machtige bouillon, die den heelen dag op ons vuur
346 370 1568 410 had staan trekken. Daarna werdt een blikje grapefruit openge-
348 406 1592 442 trokken, daarna weer koffie en thee! Ik zou er haast om willen
348 436 1578 478 wedden dat jullie het in de vrijheid niet zo goed hebt!!---------
442 474 1552 512 Er loopen weer hardnekkige geruchten door het kamp, dat
350 508 1634 544 onze vrijlating een kwestie van nog maar enkele weken is. Hoewel
348 540 1578 578 ik het nog moet zien, lijkt het mij wel gewenscht, dat wij de
344 576 1410 612 situatie, die dan ontstaat, nu vast onder oogen zien.
444 608 1472 646 Nu Toosjelief houdt je maar flink! het beste met je
350 644 1556 686 gezondheid. Het spijt me echt, dat ik, op mijn beurt, jou nu
344 676 1572 714 niet een beetje kan verwennen. Ik geloof, dat je het echt wel
346 710 1578 750 noodig hebt. Ik moet eindigen de post sluit. Heel veel zoenen
348 744 1408 784 voor jou, waavan een paar voor Mieke te reserveeren!
1088 812 1190 846 GUUS.
1024 978 1490 1012 Dinsdag, 31 Maart 1942.
450 1082 674 1118 Lieve Toos,
450 1142 1574 1180 Aangezien er vandaag plotseling een printah kwam, dat er
346 1176 1602 1216 na hedenmiddag 3 uur geen post meer in- of uit mag, wil ik van
352 1210 1556 1248 deze voorloopig laatste gelegenheid even gebruik maken om je
348 1244 1642 1282 zeer te bedanken voor de schitterende zending, die mij vanmorgen
352 1276 1576 1316 verraste. Ik apprecieer een en ander dubbel, nu ik weet welke
350 1310 1552 1352 opofferingen je je voor een en ander hebt moeten getroosten.
348 1344 1562 1385 Neem je anders maar zooveel mogelijk in acht hoor, ik ben nu
350 1378 1552 1418 heerlijk van alles voorzien en kan best een paar dagen zonder
348 1421 472 1456 pakje.
450 1444 1638 1486 Als een veldbed ong. even duur is als een bultzak, dan veel
352 1478 1596 1520 liever het eerste. We hebben dan later ook nog een slaapplaats
352 1520 734 1554 voor event. logé's.
448 1544 1636 1588 De vuile wasch doe ik zelf wel. Ik maak betrekkelijk weinig
356 1578 1606 1620 vuil. Voor het koeliewerk, doe ik een oude militaire broek aan,
352 1612 1598 1654 die ik ergens gevonden heb en waar ik de kniestukken afgeknipt
350 1648 1592 1690 heb. Je kahki hemden zijn voorts erg practisch. Ik doe er ong.
360 1680 1638 1722 een dag of 5 over, voordat het een minder schoon aanzien krijgt.
452 1714 1556 1756 Ik schreef je geloof ik al eens, dat ik mij hier, alles
354 1748 1614 1788 bij elkaar genomen, niet ongelukkig gevoel en het is een groote
352 1782 1598 1824 geruststelling voor me, dat jij nu ook zoo naar je zin terecht
354 1814 1562 1856 bent gekomen. Leuk dat Miekje zoo lief is! Ik hoop er binnen
354 1848 1554 1890 afzienbaren tijd weer van te kunnen genieten! Ik kan er naar
356 1882 1640 1922 velangen weer in m'n eigen home te zijn, hoe comfortabel het in
352 1914 1580 1956 een pension en gezellig het bij goede kennissen ook wezen
354 1950 1600 1990 mag! Heb jij dat zelfde gevoel soms ook niet? We zwerven nu al
354 1990 714 2022 drie maanden rond!
452 2016 1570 2056 Nu Toosjelief, groet ik je hierbij voor onbepaalde tijd!
354 2050 1602 2090 Ik hoop, dat wanneer ik hier over enkele weken - want zoo lang
352 2084 1622 2126 schijnt het op z'n hoogst nog te duren - uit kom, dat je gezond
