1709 2387
365 355 1609 391 en levenslustig in mijn armen kan sluiten. Samen zullen we dan
363 389 1581 429 de moeilijkheden die ons ongetwijfeld allen te wachten staan,
363 421 1557 461 wel overwinnen. We zijn in zoover bevoorrecht boven anderen,
363 455 1613 493 dat we nog aan het begin staan en heel wat minder te verliezen
363 489 1603 525 hebben, dan menig ander, die zijn levenswerk nu verwoest ziet!
461 523 1585 560 Innig omhelsd door je bijna-oud-strijder-thans krijgsge-
363 557 725 593 vangen echtgenoot.
385 591 529 623 Groeten
1021 827 1499 859 Soerabaya, 26 Juni 1942.
459 889 719 927 Lieve Toosje,
457 957 1609 991 Nu al zooveelen met succes een brief naar buiten gekregen
361 989 1559 1025 hebben, wil ook ik de daaraan steeds verbonden risico's maar
363 1023 1565 1059 dragen, vooral nu het al veel te lang geleden is sedert dien
359 1057 1621 1095 gedenkwaardigen dag, dat ik je op Pasar Toeri even spreken kon.
359 1089 1559 1127 Dat was in verschillende opzichten een fortuinlijke dag voor
355 1123 1559 1159 me; allereerst dan dan dat ik jou en Mieke, zij het ook maar
363 1157 1563 1191 even in mijn armen kon nemen. Het is wel een voorrecht om in
363 1191 1583 1227 je eigen stad krijgsgevangene te zijn, als je daardoor zoo nu
361 1225 1645 1259 en dan vrouw en kroost even kunt zien. Hoeveel honderd duizenden
361 1257 1525 1293 moeten ook dat nog missen! Verder had ik dien dag, behalve
361 1291 1583 1331 de krandjang met kostelijke zaken, die jij me bracht, ook nog
361 1325 1605 1361 voor ong. 10 gulden andere dingen kunnen koopen, die we in het
361 1359 1541 1395 kamp broodnoodig heben zooals: suiker, lombok, uien, tabak.
355 1393 1501 1429 Mijn vermetelheid om met zoovel barang binnen te komen is
355 1427 1641 1461 mij nog bijna duur te staan gekomen. Nadat we getele54 en ingerukt
359 1461 1585 1495 waren, liep ik vlak voor onze "villa" ongelukkigerwijze in de
363 1493 1543 1528 armen van de wacht, die een heleboel capsones maakte en de
363 1527 1521 1563 begeleidende adjudant en zelfs onze compagnie's commandant
361 1561 1573 1595 er bij liet halen. De wacht stond natuurlijk in zijn brabbel-
363 1595 1543 1629 taaltje druk te oreeren - hetgeen niemand begreep - en wond
359 1629 1575 1665 zich daarbij zoo op, dat hij de bij dit relletje betrokkenen,
355 1663 1605 1699 ferme klappen in hun gezicht begon uit te deelen, Wonder boven
359 1695 1561 1733 wonder echter alleen niet aan mij, de eigenlijke schuldige.
361 1729 1557 1767 Teneinde raad hebben we er den tolk Stikkel bij laten halen.
355 1763 1605 1797 Gelukkig kwam ik op het lumineuze idee om hem mijn excuses aan
355 1797 1519 1833 het Nipponsche leger te laten aanbieden, hetgeen de heeren
355 1829 1599 1865 slikten, waarna zij de buit vrijgaven. Een benauwd half uurtje
359 1863 595 1895 was het wel.
451 1895 1497 1931 Mijn dag was ook goed, toen ik nu al weer de noodige
355 1929 1555 1967 weken geleden, zand buiten de poort moest brengen en daarbij
359 1963 1591 1999 het geluk had mij er met eigen oogen van te kunnen overtuigen,
357 1995 1595 2029 dat jij en Mieke nog wel varen. Vervelend hè, dat we toen niet
359 2029 1581 2065 even met elkaar konden praten! Wat wordt die Mieke anders een
355 2063 1559 2097 kleine bij-de-hande kraai! Zou ze mij nog kennen, wanneer ik
363 2097 1337 2131 t.z.t. weer eens als een gewoon burger mag leven?
