1706 2387
431 355 1587 391 Kort daarna heb ik je 's morgens op Ngagel gezien. Je liep
329 389 1555 423 met Mieke in een wagentje Helaas zat ik aan de verkeerde kant
333 421 1591 455 van de auto, zoodat je mij onmogelijk kon zien. Op mijn verdere
329 457 1629 491 corveeen, die tegenwoordig om den andere dag zijn, ben ik vrijwel
331 493 1619 525 steeds naar andere delen van de stad geweest. Jammer genoeg zijn
329 525 1565 561 er een paar mooie kansen om even contact met elkaar te hebben,
329 559 1559 593 verloren gegaan. Zondag 21 en gisteren 25 werkte ik nl. in de
327 595 1549 629 Heerenstraat, die onder ons krijgsgevangenen als het paradijs
333 625 1549 661 voor corveers bekend staat. Beide keeren heb ik het telefoon-
329 662 1591 697 nummer van huize Darmokali 48 aan hulpvaardige dames opgegeven,
329 695 1009 731 doch helaas telkens zonder succes.
335 729 1535 765 (telefoon was afgesloten! - Toos). Mocht ik nog eens de kans
331 763 1573 797 krijgen en je kunnen bereiken, bedenk dan, dat we tegenwoordig
329 795 1519 835 practisch niets het kamp binnen kunnen krijgen, zoodat alle
329 829 1489 865 event. goede gaven ter plaatse geconsumeerd moeten worden.
331 863 1569 897 Overigens zijn er altijd hongerige magen genoeg. Gisteren b.v.
325 895 1645 931 hebben we ons danig te goed gedaan aan vruchten, rijst, chocolade,
335 929 1493 965 brood enz. dat de schildwachten daar vroolijk van de milde
329 963 1329 1003 geefsters in ontvangst namen en aan ons doorgaven.
429 995 1575 1033 Ik bemerk daar, dat ik je eigenlijk over niet veel anders
329 1029 1535 1067 schrijf, dan over ons betrekkelijk eng kampwereldje, maar je
327 1063 1619 1101 moet dit maar door de vingers zien en bedenken, dat onze horizon
329 1097 1575 1133 zich bezwaarlijk verder kan uitstrekken. Ik zal dus maar op de
331 1131 1609 1165 ingeslagen weg voortgaan en je b.v. eens wat vertellen over onze
329 1163 1533 1199 voeding, waarover misschien noodeloos alarmeerende geruchten
329 1197 1455 1233 de ronde doen. Inderdaad is het een feit, dat de voeding
329 1231 1543 1269 geleidelijk aan minder is geworden, al laat het zich aanzien,
329 1263 1623 1299 dat we het ergste alweer achter den rug hebben. Vanaf het moment,
329 1298 1545 1333 dat de onvolprezen Covim onze maaltijden niet meer verzorgde,
329 1331 1609 1371 ging het steeds bergafwaarts, vooral toen ook het brood uitviel.
325 1365 1533 1399 Het officieel door de Nipponsche kampcommandant vastgestelde
329 1399 1591 1435 rantsoen bestond toen uit; 500 gr. rijst, 20 gr. suiker, 60 gr.
333 1433 1445 1469 vleesch, 100 gr. groenten en wat zout. En daarmee basta!
329 1465 1595 1501 Wanneer je daarbij nog bedenkt, dat van deze rantsoenen nog het
333 1499 1529 1537 noodige in de keuken verdonkermaand werd, dan kwam dit neer
333 1533 1571 1569 op[x] 's morgens en 's middags een schep rijstepap zonder suiker
335 1567 1573 1605 20 gr. is nl. practisch niets) en 's avonds een paar scheppen
331 1602 1629 1637 rijst en een xx lepel waterige soep, waarin wat groente en als je
331 1635 1613 1671 geluk had, een paar stukjes vleesch dreven. Het was dan ook geen
329 1667 1591 1703 wonder, dat vrijwel niemand daaraan genoeg had en vrijwel ieder
329 1703 1499 1739 probeerde dan ook aan wat extra's te komen. De smokkel nam
329 1735 1573 1771 daardoor zulke vormen aan, dat er nu strenge maatregelen tegen
331 1767 1571 1805 zijn genomen. Zoo is er b.v. gedreigd met dubbele corvees; nu,
329 1799 1601 1837 en daar moeten de menschen nu net niets van hebben. De menschen,
329 1833 1529 1869 die niet naar buiten gaan om te werken, zijn natuurlijk voor
329 1867 1567 1903 iets extra's aangewezen op de corveers, die tegen eenig risico
325 1901 1529 1937 niet opzien. Kun je je indenken, dat er bij tijden grif 1.50
331 1935 1505 1975 gulden werd betaald voor een kattie suiker? Zoute visschen,
329 1967 1611 2003 die op de passar ong. 1 cent kosten, moeten hier minstens 20 ct.
331 2001 1535 2037 opbrengen. Onze tafel van zes heeft verscheidene malen flink
329 2035 1565 2071 in de bus moeten blazen om aan wat blikjes cornet beaf, visch,
329 2070 829 2105 suiker en derg. te komen.
