1710 2396
354 360 1566 402 Het is dan vooral met het oog hierop, dat ik je verzocht heb
370 396 1506 438 via het Roode Kruis wat geld b.v. een gulden of dertig te
362 428 502 460 sturen.
458 462 1632 506 Jammer genoeg schijnen de zendingen van geld en medicijnen
358 494 1520 536 door tussenkomst van de l.b.d. voorlopig gestaakt te zijn,
358 526 1658 574 dit waarschijnlijk als gevolg van de komst (sedert ong. 10 dagen)
362 562 1508 604 van een nieuwe kampcommandant. Velen hebben zich n.l. ook
354 596 1608 638 medicijnen laten toesturen, omdat het hospitaal practisch geen
354 628 1648 670 medicijnen, ja zelfs geen verband of jodium meer heeft. Vitamine
364 660 1588 702 tabletten worden ook veel gebruikt om daarmede in het te kort
360 696 1578 738 aan groente en vruchten te voorzien Ook ik heb via de L.B.D.
362 730 1624 772 van dergelijke tabletten en ook Ovomaltine aangevraagd, maar je
354 762 1582 804 moet daaruit niet afleiden, dat ik mij ondervoed voel of iets
360 796 1482 836 van dien aard. Het tegendeel is waar, ik ben in de beste
360 828 1580 878 conditie, mede dank zij de extratjes die kapitalisten als wij
354 862 1532 906 ons nog hebben kunnen veroorloven en ook dank zij het feit,
354 896 1622 940 dat we op sommige corveen nog wel eens vruchten en derg. hebben
358 930 1538 972 kunnen koopen. Ik verslind dan een stuk of 10 pisangs en de
350 964 1582 1004 noodige djeroeks en heb dan weer voldoende vitaminen voor den
350 998 1638 1038 heelen week. De ovomaltine was ook alleen bedoeld voor het geval
352 1032 1638 1074 dat ik mij slap en akelig zou gaan voelen. Je kunt het nu gerust
352 1068 1618 1114 schrappen, want met ingang van vandaag is er eenige verbetering
350 1100 1554 1142 in onze voeding gekomen. De corveers krijgen n.l. 's morgens
358 1134 1580 1176 een extra broodje (we krijgen n.l. sedert een week 's morgens
350 1168 1636 1212 i.p.v. pap weer een onbelegd en ongesmeerd broodje) en 's avonds
356 1202 1658 1242 extra groente en vleesch. Het was n.l.ook te gek, dat de menschen
350 1234 1618 1278 op het oude karige dieet ook nog zwaar lichamelijk werk moesten
354 1268 1580 1308 doen. Verder krijgen we tweemaal in de week vruchten. Je ziet
352 1302 1556 1344 dus dat er alles bijelkaar, geen reden voor ongerustheid is.
350 1336 1634 1378 We vleien ons natuurlijk allen met de hoop dat de tegenwoordige
350 1370 1608 1414 toestand slechts een zeer tijdelijke is en vooral de geruchten,
352 1404 1596 1442 die de laatste dagen in het kamp de ronde doen, zijn alleszins
352 1438 1608 1480 geschikt om die hoop te schragen. Ja, die geruchten, die je bij
350 1470 1596 1512 ons al zoo hoort, zijn op zichzelf al een roman; je kunt haast
354 1504 1554 1544 wel zeggen, dat, wat we aan eten te weinig, aan geruchten te
356 1536 1586 1580 veel krijgen. Je kunt het haast zoo fantastisch niet bedenken,
352 1570 1570 1612 of het wordt hier voor zoete koek niet alleen opgediend, maar
352 1604 1670 1646 grif opgenomen ook. Het is zeker alweer een week of 5 geleden, dat
346 1636 1630 1676 de  A's al in de buurt van Djember zouden zitten en hoeveel keer
346 1670 1550 1710 Bali al uit hun handen is overgegaan, is werkelijk niet meer
348 1702 1570 1742 na te gaan. De laatste dagen staan onder meer op het program:
350 1736 1614 1776 Singapore gevallen, oorlog tusschen Rusland en Japan, Bantam in
346 1770 1474 1808 opstand, de Jap's hebben de bevolking van Java al op hun
352 1802 1576 1844 terugtrekken voorbereid! Si no è vero, è bene trovato, zullen
346 1836 1610 1876 we, met de Italianen maar zeggen. Al zou er maar 25% van al die
348 1870 1566 1910 geruchten waar zijn, dan zouden we nog niet te klagen hebben.
344 1904 1564 1944 Zoonet komt me iemand vertellen, dat de A's op vier punten op
342 1938 1626 1976 Java geland zijn. Het resultaat van al deze berichten is natuur-
348 1972 1664 2014 lijk, dat je ze met meer dan een korreltje zout neemt! Waarschijn-
346 2006 1568 2046 lijk hebben de krijgsgevangenen door alle eeuwen heen op deze
348 2040 1566 2080 wijze den moed erin gehouden. Het eenige, wat voor mij zonder
