1711 2390
326 382 1504 420 twijfel is, dat zooals aan alle dingen, ook aan deze oorlog
320 414 1574 452 en dus ook aan deze krijgsgevangenschap een einde zal komen en
322 446 1588 486 dat er ook weer een tijd zal komen, waarop we weer van het vele
326 482 1530 522 goede des levens zullen kunnen genieten. Wat zal onze eerste
320 514 1528 552 week-end in de bergen b.v. een seni55atie zijn. Zou ons Fordje
324 548 1542 586 deze woelige tijden nog overleven? Rijden zullen onze "gasten"
326 576 1546 620 er wel niet mee, maar misschien slopen ze hem wel voor onder-
324 616 1594 654 deelen. Een goede kans geef ik het vehikel toch wel, dat is een
326 650 1446 688 van de weinige voordelen van havelooze bullen, m'n goede
320 682 1546 722 zakdoeken raak ik nog regelmatig kwijt, alleen het groene vod
326 718 1602 756 blijft me steeds trouwe. En kun je voorstellen hoe het zal zijn,
326 750 1548 790 wanneer we weer eens gezellig saampjes uit kunnen gaan zonder
324 786 1628 828 je ongerust te behoeven te maken, of je een of andere schildwacht
324 818 1572 860 wel het zijne hebt gegeven. En den eersten tijd zal het alleen
326 854 1490 894 al een genot zijn om ongestoord bij elkaar te kunnen zijn.
324 886 1592 926 Gelukkig dat jij Mieke hebt, die je wel de handen vol zal geven
328 920 1548 960 en zoodoende niet veel tijd tot piekeren zal laten. Voed haar
320 952 1572 994 maar zoo Spartaansch mogelijk op, dan kan ze later een stootje
328 998 444 1032 velen.
426 1020 1612 1060 Zaterdag 27 Juni 1942. Ziezoo, vandaag zet ik het schrijven
328 1054 1592 1094 van deze brief voort, want gisteren moest ik door de invallende
324 1086 1574 1126 duisternis afbreken. Die algeheele verduistering - hoe 'n goed
334 1122 1594 1160 teeken dit overigens ook is - zal ook jullie toch al zoo weinig
332 1154 1508 1196 afwisselend leventje er niet beter op maken. Bij ons blijft
342 1188 1556 1226 's avonds een erbarmelijk pitje branden, waarbij sommigen hun
328 1222 1534 1262 oogen nog met lezen probeeren te bederven. Gelukkig is er 's
328 1256 1466 1294 avonds hier nogal wat afleiding in den vorm van lezingen,
324 1288 1656 1328 muziekavonden e.d. Zoo was de zangavond onder de auspicien van den
324 1324 1486 1362 heer Vincent een groot succes. Voorts bloeit hier een vrij
332 1356 1522 1398 opgewekt geestelijk leven, er zijn cursussen in het Fransch,
330 1388 1554 1430 Engelsch, Latijn, Japansch enz. Ik zelf heb de studie van het
330 1420 1592 1466 Spaansch ter hand genomen, een taal die veel verwantschap heeft
328 1456 1536 1498 met het Fransch, en minstens even moeilijk is. De lessen 2 x
330 1489 1628 1530 per week worden gegeven door een West-Indier (een zekere Rellum)
328 1522 1492 1564 in wiens geboorteland deze taal zeer belangrijk is. Zooals
332 1556 1638 1596 trouwens alles hier gaat ook deze lesgeverij zeer primitief zelfs
334 1588 1492 1630 de leraar heeft geen enkel boek en moet dus alles maar uit
330 1622 1638 1666 zijn geheugen doen. Soms weet hij het zelf niet goed meer en gaat
328 1656 1536 1698 dan zijn licht maar opsteken bij een Mexicaan, die op de een
330 1690 1598 1732 of andere manier in het A leger verzeild is geraakt. Wat zou je
334 1724 1570 1764 er van denken, om, als we weer eens in "good old Europe" zijn,
328 1756 1656 1798 o.a. Spanje op het reisprogramma te zetten? ik ken nu al voldoende
332 1790 1614 1832 Spaansch om een heel aardig maaltje in elkaar te zetten! Als zjij
332 1822 1562 1866 soms met je leege tijd geen raad weet - en voor het tegendeel
332 1858 1498 1898 zal "la chiquita" wel zorgen! - kan ik je aanbevelen om de
328 1892 1594 1932 studie van een andere taal weer eens ter hand te nemen, b.v.
330 1924 1516 1965 Fransch, dat je na Engelsch, toch wel het meest noodig zult
328 1960 1556 2000 hebben. Ik denk tenminste zoo, dat Duitsch de eerste jaren na
332 1992 1572 2034 den oorlog nog wel zeer impopulair zal blijven. Hoewel ik hier
334 2026 1670 2066 ruimschoots gelegenheid heb om Engelsch te lezen en ook te spreken
334 2060 1636 2100 blijf ik steeds weinig voor deze taal voelen en het zou eigenlijk
334 2092 1632 2136 wel verstandig zijn, wanneer ik mij daartegen eens zou verzetten.
332 2126 1440 2170 Enfin, sympathieen laten zich nu eenmaal niet dwingen.-----------
