1698 2387
449 323 1619 357 De volgeladen auto's met corvéers zijn voor jou natuurlijk
351 355 1611 389 een alledaagsche verschijning. Meermalen hoor ik van Wonokromo-
355 389 1587 423 gangers, dat ze jou gezien hebben op Ngagel, en ik ben dan al-
355 423 1577 455 tijd trotsch op je, dat je de J's nog steeds trotseert om een
351 457 1551 491 glimp van je gemaal op te vangen. Een beter resultaat dan de
353 491 1595 523 laatste maand had je zeker verdiend! Ja, die werkerij vindt ik
351 525 1575 559 nog steeds het onplezierigste van onze heele interneering, al
353 557 1595 591 moet ik zeggen, dat we in den regel wel goed behandeld worden.
349 591 1635 625 Onze "gasten" zullen altijd wel een raadsel voor ons blijven, de
353 625 1575 659 eene keer ranselen ze er voor het minste geringste op los, de
351 659 1633 697 andere keer kun je vrijwel doen wat je wilt. Al heel merkwaardig
353 694 1633 727 is wat een werkploeg onlangs overkomen is: Ze hebben n.l. eenige
351 726 1643 761 uren lang met hun bewakers ----------- blindemannetje gespeeld!!!
351 763 1637 795 Soms ook is het je reinste complot tussen de krijgsgevangenen en
351 796 1637 829 hun Japsche bewakers: er worden posten uitgezet om te kijken
349 831 1597 863 naar officieren, intusschen wordt de rest verdekt opgesteld om
349 863 1595 897 naar hartelust te kunnen eten en zelfs ook met hun v rouwen te
355 897 1611 931 kunnen praten, Ik heb zelf meegemaakt, dat een J. onderofficier
351 931 1575 964 ons in Sambongan (onze vroegere tangsi!) gymnastiek liet doen
353 965 1549 997 en de grootste lol had, omdat we het zoo beroerd deden. Maar
349 998 1573 1029 dat was na het werk en niemand had er dan ook veel lust in na
349 1031 1533 1065 zes uur gras snijden in de brandende zon! Overigens is deze
349 1065 1595 1099 gedwongen lichaamsbeweging, niet slecht en ik stel me voor dit
349 1097 1469 1133 kamp heel wat sterker te verlaten dan toen ik erin kwam.
453 1131 1533 1163 Voor velen is dit kampleven anders een ware penetentie
351 1163 1629 1197 vooral degene die zich, zooals de Engelschen vooral, slecht
351 1197 1571 1229 aan de voeding kunnen aanpassen, of dieer al maar over loopen
353 1231 1613 1265 te piekeren, waarvan hun vrouwen en kinderen nu toch wel moeten
357 1264 1609 1297 leven. Een verhoogde prikkelbaarheid is hiervan meestal een der
349 1299 1491 1331 kenteekenen en ook aan ons tafeltje vallen wel eens harde
351 1331 1575 1363 woorden, in den regel om kleinigheden. Wel is het zaak om hier
349 1365 1599 1397 niet ziek te worden,want in het hospitaal hebben ze zooals ik
349 1399 1111 1431 al zei, gebrek aan het hoogst noodige.
447 1431 1573 1467 Je pogingen om Spruyt aan zijn instrumentarium te helpen
357 1465 1629 1499 zijn nog steeds niet met succes bekroond. Wel is er een tandarts
351 1497 1573 1532 in de H.B.S., maar op mijn verzoek om daar behandeld te mogen
349 1533 1127 1565 worden, heb ik totdusver niets gehoord.
453 1565 1573 1601 Gezien de daaraan verbonden gevaren - gisteren is er nog
353 1599 1573 1633 een briefje op iemand gevonden! - lijkt het me beter, dat je
351 1633 1639 1665 me maar niet terugschrijft. Ik zou het, afgezien van de gevaren
353 1665 1615 1699 voor jou zelf, niet erg plezierig vinden, als een ander er voor
353 1699 1549 1733 op zou moeten draaien. Wat anders is het natuurlijk, wanneer
353 1735 1563 1767 ik het zelf van je zou kunnen aannemen, maar dat is een tref!
449 1767 1535 1801 Toosjelief houdt je goed! Heb om mij geen zorgen, want
353 1803 1545 1837 daar is niet de minste reden voor. Gijs gedijt hier ook wel,
353 1835 1593 1870 al jammert hij vaak over het gemis van zijn geliefkoosde vette
353 1871 1571 1907 kluiven. Met Paul speel ik nog wel eens een spelletje schaak.
355 1905 1499 1939 We spelen hier zelfs een schaakcompetitie om de titel van
355 1933 1553 1971 "Jaarmarktkampioen". Winnaar zal wel worden Dr. Chambry, die
353 1971 1613 2005 mij indertijd aan de Coenbld. behandeld heeft. Volgens sommigen
349 2003 1555 2039 moest hij alleen maar schaken en geen praktijk meer doen. Ik
349 2037 869 2071 mag den man overigens wel!
