1705 2395
427 365 1637 403 Het spreekt vanzelf, dat jullie niet uit mijn gedachten zijn
335 399 1529 437 en je weet niet hoe goed het mij doet, wanneer ik, al is het
329 433 1501 471 ook maar uit de verte, jou en Mieke even zie. We leven hier
335 469 1577 507 allen in de hoop, dat "einmal die Zeit kommt"! En je zult eens
335 501 1391 541 zien hoe gauw alle narigheden dan weer vergeten zijn!
423 535 1619 573 Met innige omhelzingen van drie maanden en voor----hoe lang
327 577 411 609 nog?
1027 606 1249 639 Yours GUUS.
907 705 1391 739 Soerabaya, 20 Juli 1942.
435 809 693 843 Lieve Toosje,
433 867 1633 907 Nu zich een onverwachte gelegenheid voordoet om je een brief
337 901 1595 939 te doen toekomen, spreek het wel haast vanzelf, dat ik deze met
331 931 1535 973 beide handen aangrijp, vooral nu ik je dan meteen kan geluk-
331 969 1611 1007 wenschen met den voor ons zoo bijzonderen datum van 25 juli a.s.
331 1001 1575 1041 Eigenlijk is het onzin dat ik jou zou feliciteren met dien dag
331 1035 1575 1073 en zou het wel zoo logisch zijn, wanneer ik mijzelf feliciteer
331 1067 1571 1107 met het feit, dat mij, nu bijna drie jaar geleden, zoo'n voor-
335 1099 1385 1141 treffelijke echtgenoote ten deel is gevallen ------------------
431 1135 1561 1173 Ik denk er vaak over, hoe leeg en doelloos mijn leventje
333 1169 1495 1207 zou zijn, wanneer ik jullie niet had! De drie jaar van ons
331 1203 1619 1243 huwelijk zijn dan ook beslist de beste van mijn leven geweest en
333 1237 1619 1277 wanneer ik mij nu eens vergelijk met de levensdillettant van een
337 1269 1601 1309 vijftal jaren geleden, dan mag ik werkelijk niet klagen! En aan
335 1302 1265 1345 wie anders heb ik dat te danken 56 aan jou!
431 1337 1575 1377 Bij wijze van souveniertje aan onze herdenkingsdag, stuur
335 1373 1587 1413 ik je hierbij een typisch jaarmarktringetje, gemaakt van vlieg-
339 1405 1539 1447 tuigmateriaal. Zooals je ziet, zijn er eenige "steenen" (het
331 1439 1639 1481 zijn stukjes van een tandenborstelsteel!) bij, die je gemakkelijk
335 1475 781 1515 kunt verwisselen.-----------------------------------------------------------
437 1507 1579 1547 Ik hoop dat je, na je langdurige zwerftochten, eindelijk
335 1539 1541 1585 goed en wel weer in ons oude huis in de Rochussenstraat bent
335 1573 1619 1613 beland. Was de boel behalve vervuild nog erg uitgewoond? Je weet
339 1609 1565 1647 een Hollandsch spreekwoord zegt, dat drie verhuizingen gelijk
339 1649 737 1683 staan met een brand!
435 1673 1633 1715 Het is nauwelijks voor te stellen, dat de heugelijke bezoek-
339 1707 1541 1747 dag nu al weer bijna twee weken tot het verleden behoort. De
341 1739 1521 1779 vrouwen van Soerabaya verdienen alleen al een monument voor
335 1773 1603 1813 de opofferingen, die jullie je hebt getroost om ons dien dag in
339 1805 1621 1847 alle opzichten tot een feestdag te maken. Ik denk alleen al maar
339 1839 1519 1879 aan het feit, dat er vrouwen zijn geweest, die vanaf 10 uur
337 1871 1645 1912 in de gloeiende zon hebben gestaan om ongeveer 5 uur of meer uren
341 1905 1601 1947 later manlief te kunnen aanschouwen. Jij zult ook niet zoo maar
339 1939 1483 1979 een scheur in je mooie nieuwe japonnetje - dat je, tussen
339 1973 1355 2011 twee haakjes, uitsteekend stond! - hebben gekregen!
437 2005 1585 2045 Het was dien 8 sten juli, na jullie vertrek hier een ware
335 2039 1643 2079 St. Nicolaas-avond! Iedereen was met groote pakken aan het slepen
339 2073 1627 2113 en ik kan je verzekeren, dat derzelver inhoud onze volste belang-
335 2107 1613 2149 stelling had! Nogmaals mijn bijzondere hulde voor de voortreffe-
