1713 2389
348 352 1596 386 lijke wijze, waarop je al mijn wenschen hebt vervuld! In alles
348 387 1574 420 herkende ik je zorgzame hand! Mijn eenige angst is, dat je je
354 420 1558 452 financien te zeer zult verzwakken, teneinde mij van allerlei
348 454 1556 486 heerlijkheden te voorzien! Fijn dat je er toch maar vitamine
352 486 1542 518 tabletten bij hebt gedaan, want ik voel mij, na het gebruik
352 520 1542 552 daarvan, beslist energieker, zelfs zoo, dat ik nu prackisch
354 554 1508 588 den heelen dag aan het studeeren ben: Javaansch, Maleisch,
354 584 1558 620 Spaansch, Engelsch, Nederlandsch en schaken.----------------
452 620 1636 656 Alle optimistische geruchten ten spijt, houd ik er rekening
348 654 1634 690 mede, dat de tegenwoordige situatie nog wel eens lang kan duren,
356 688 1594 724 dit natuurlijk ten overvloede, op het hart zou willen drukken,
352 722 1578 756 om iedere extra uitgave te vermijden en b.v. bij een volgende
352 754 1638 790 bezoekdag, mij alleen het allergoedkoopste te geven. b.v. passar-
354 790 1640 826 producten. Ik heb b.v. erg veel plezier van de zoute visch, want
356 824 1598 856 een klein stukje, in olie gebakken, is voldoende om een beetje
354 858 1652 892 smaak aan het eten te geven. Ook de boeken zijn bijzonder welkom:
358 892 1596 926 verscheidene heb ik er aan belangstellenden uitgeleend. Vooral
348 925 1620 958 het Maleische leerboekje is erg lakoe. De menschen hier zien nu
354 958 1600 992 langzamerhand in, dat ze er niets mee opschieten om den heelen
354 992 1520 1026 dag over den oorlog te zitten leuteren en dat ze beter hun
354 1024 1622 1058 overvloedigen vrijen tijd hier productief kunnen maken door een
352 1058 1114 1092 of ander studie vak ter hand te nemen.
454 1090 1614 1126 Eenige dagen na den bezoekdag heeft in ons kamp het eerste
354 1124 1596 1160 sterfgeval plaats gehad: iemand uit Semarang kreeg, kort nadat
354 1156 1638 1192 zijn terugkomst van corvee, hier een hartverlamming. De begrafe-
350 1190 1620 1226 nis had daags daarop plaats en ik moet zeggen, dat onze "gasten
352 1224 1542 1256 er een indrukwekkende plechtigheid van hebben gemaakt. Alle
352 1254 1658 1290 16 compagnien stelden zich om het middenveld op en de begrafenis-
352 1290 1674 1324 stoet, waarin ook eenige J. officieren meeliepen, defileerde langs
354 1324 1580 1358 hen en bleef voor iedere compagnie even stil staan. Achteraan
354 1358 1538 1392 kwam het Ambonneesche fluitorkest, dat "er ruischt langs de
352 1390 1602 1424 wolken" speelde. Er waren diversche kransen, waaronder een van
352 1424 1600 1458 de kampcommandant. Een voor de nagelaten betrekkingen gehouden
352 1458 1540 1492 collecte bracht nog het niet onaanzienlijke bedrag van ruim
356 1495 632 1528 900 gulden op.
448 1524 1634 1558 Je zult me voorloopig te vergeefs onder de corveers zoeken,
354 1558 1590 1592 want het wondje, dat ik op den bezoekdag al aan mijn voet had,
352 1592 1522 1626 is nog steeds niet dicht, waarschijnlijk tengevolge van de
352 1624 1558 1660 eenzijdige voeding. Deze klacht is algemeen en het hospitaal
354 1658 1618 1694 loopt dan ook dagelijks storm met allerlei wondpatienten. Enfin
352 1692 1538 1726 ik vindt het heusch geen straf, wanneer ik niet meer behoef
356 1728 1378 1760 te werken. zoodat ik dat wondje in hooge eere houd.
452 1760 1600 1794 Wat zou ik nu graag al was het maar heel even, bij jullie
354 1794 1498 1828 willen zijn! Het is wel hard om zoo'n prima vrouw en lief
356 1826 1578 1862 dochtertje te hebben, en er alleen maar aan te kunnen denken!
356 1860 1578 1896 Wij maken er ons hier vaak ongerust over, dat jullie heel wat
354 1892 1612 1930 meer zorgen hebt, dan jullie ons laat merken, waarbij de finan-
358 1923 1346 1962 cieele niet de geringste zullen zijn.------------------------------------
450 1958 1636 1998 Ik heb zoo'n idee dat jullie heel wat minder afleiding hebt
360 1994 1556 2030 dan wij: hoe gek het ook moge klinken: de dagen vliegen hier
356 2026 1636 2062 voorbij en ik kom meestal tijd te kort om m'n diverse voornemens
360 2058 1662 2094 tevolvoeren. 's Avonds is er meestal wat interessants: zoo hebben
358 2094 1600 2130 we sedert het bezoek gehad: een lezing over Nieuw-Zeeland, een
