1707 2385
326 334 1610 380 serieuze muziekavond, een jaszavond en een interne cabaretavond.
324 370 1552 412 Zou je er niet jaloersch op worden? De overige avonden heb ik
322 404 1570 446 aangenaam gepasseerd met een spelletje schaak met neef Paul of
320 438 1530 480 met lezen in onze "cosy corner" een afgeschoten hoekje, waar
324 472 1078 512 tenminste behoorlijk licht is.------------------------------------------------
424 502 1656 546 Vandaag was de vrouw van Gijs jarig, welk feit we met een bak-
326 538 1570 584 je extra fijne koffie en melk en speculaasjes herdacht hebben.
324 572 1552 614 Zouden we mijn verjaardag samen kunnen vieren? Jammer, dat we
326 604 1632 648 niet een tipje van de toekomstsluier kunnen oplichten, al was het
326 638 1554 680 alleen maar om te weten, hoe je je beschikbare contanten moet
330 682 528 712 verdeelen.
424 698 1508 748 Dinsdag 21 Juli 1942, wegens het signaal "lichten uit"
324 738 1536 780 moest ik deze brief gisterenavond afbreken, zoodat ik hem nu
328 768 1610 814 even beeindig, want mijn vertrouwensman kan ieder oogenblik ver-
328 816 488 850 trekken.
424 838 1552 882 Toosje-lief ik kan je niet anders zeggen, dan dat ik erg
324 872 1568 914 naar jullie verlang en nog liever vandaag weer thuis zou zijn
330 904 1556 948 dan morgen. Evenwel kan geduld alleen ons door deze tijd van
330 938 1512 980 beproevingen heen helpen en ik hoop, dat je van dit artikel
332 960 1632 1014 voldoende voorraad bezit. In ieder geval zal Mieke je 57 zoozeer
330 1000 1614 1048 de handen vol geven, dat er voor piekeren maar weinig tijd over-
330 1038 1614 1082 blijft. Ik had vroeger nooit gedacht, dat het zoo iets heerlijks
328 1070 1616 1116 zou zijn om een kind van jezelf te hebben. Kinderen van vreemden
328 1104 1572 1149 zie je immers met heel andere oogen dan je eigen! Daar ik voor
324 1130 1652 1182 Mieke geen betere Moeder zou kunnen wenschen, maak ik mij 58 onze
328 1173 1638 1216 kleine kraai geen oogenblik ongerust. Voedt haar zooveel mogelijk
334 1206 1558 1250 volgens het volgende principe op: fortiter in re, suaviter in
328 1240 1614 1284 modo(  lett. krachtig wat de zaak zelve betreft, maar vriendelijk
332 1274 1472 1318 in de manier waarop). Het een behoeft het ander n.l. niet
332 1316 630 1350 uit te sluiten!
430 1342 1494 1386 Houd je goed, een innige omhelzing voor jou en Mieke,
836 1412 1372 1450 Je a.s. 3 jarige bruidegom,
1154 1478 1258 1512 GUUS.
430 1607 1378 1656 En dit is het laatste wat ik van hem ontving!!!
1112 1645 1216 1678 Toos.
